
@article{aho1981inferring,
	author = {Aho, Alfred V. 
		and Sagiv, Yehoshua 
		and Szymanski, Thomas G. 
		and Ullman, Jeffrey D.},
	year = {1981},
	title = {{Inferring a Tree from Lowest Common Ancestors with an Application to the Optimization of Relational Expressions}},
	journal = {SIAM Journal on Computing},
	volume = {10},
	number = {3},
	pages = {405--421},
	doi = {10.1137/0210030}
}

@techreport{alexandrov1995loggp,
    author = {Alexandrov, Albert 
    	and Ionescu, Mihai F. 
    	and Schauser, Klaus E. 
    	and Scheiman, Chris},
    year = {1995},
    title = {{LogGP: Incorporating Long Messages into the LogP Model --- One Step Closer Towards a Realistic Model for Parallel Computation}},
    institution= {University of California at Santa Barbara},
    address = {Santa Barbara, CA, USA},
}

@article{allman2011identifying,
	author = {Allman, Elizabeth S 
		and Degnan, James H 
		and Rhodes, John A},
	year = {2011},
	title = {{Identifying the rooted species tree from the distribution of unrooted gene trees under the coalescent}},
	journal = {Journal of Mathematical Biology},
	volume = {62},
	number = {6},
	pages = {833--862},
	doi = {10.1007/s00285-010-0355-7}
}

@article{allman2018species-internode, 
	author = {E. S. Allman 
		and J. H. Degnan 
		and J. A. Rhodes},
	year ={2018}, 
	title = {{Species Tree Inference from Gene Splits by Unrooted STAR Methods}}, 
	journal = {{IEEE/ACM Transactions on Computational Biology and Bioinformatics}},
	volume={15}, 
	number={1}, 
	pages={337--342}, 
	doi={10.1109/TCBB.2016.2604812}
}

@article{allman2019species-logdet,
	author = {Elizabeth S. Allman 
		and Colby Long 
		and John A. Rhodes},
	year = {2019},
	title = {{Species Tree Inference from Genomic Sequences Using the Log-Det Distance}},
	journal = {SIAM Journal on Applied Algebra and Geometry},
	volume = {3},
	number = {1},
	pages = {107--127},
	doi = {10.1137/18M1194134}
}

@incollection{altenhoff2019inferring,
    author = {Altenhoff, Adrian M 
    	and Glover, Natasha M 
    	and Dessimoz, Christophe},
    year = {2019},
    title = {{Inferring Orthology and Paralogy}},
    booktitle = {Evolutionary Genomics. Methods in Molecular Biology},
    volume = {1910},
    pages = {149--175},
    editor = {M. Anisimova},
    publisher = {Humana},
    address = {New York, NY, USA},
    doi = {10.1007/978-1-4939-9074-0_5}
}

@article{anisimova2011survey,
	author={Anisimova, Maria 
		and Gil, Manuel 
		and Dufayard, Jean-Francois 
		and Dessimoz, Christophe 
		and Gascuel, Olivier},
	year={2011},
	title={{Survey of Branch Support Methods Demonstrates Accuracy, Power, and Robustness of Fast Likelihood-based Approximation Schemes}},
	journal={Systematic Biology},
	volume={60},
	number={5},
	pages={685--699},
	doi = {10.1093/sysbio/syr041}
}

@article{atteson1999performance,
	author={Atteson, Kevin},
	year={1999},
	title={{The Performance of Neighbor-Joining Methods of Phylogenetic Reconstruction}},
	journal={Algorithmica},
	volume={25},
	number={2-3},
	pages={251--278},
	doi={10.1007/PL00008277}
}

@article{arvestad2003bayesian,
    author = {Arvestad, Lars 
    	and Berglund, Ann-Charlotte 
    	and Lagergren, Jens 
    	and Sennblad, Bengt},
    year = {2003},
    title = {{Bayesian gene/species tree reconciliation and orthology analysis using MCMC}},
    journal = {Bioinformatics},
    volume = {19},
    number = {Suppl 1},
    pages = {i7--i15},
    doi = {10.1093/bioinformatics/btg1000}
}

@article{arvestad2009gene,
    author = {Arvestad, Lars 
    	and Lagergren, Jens 
    	and Sennblad, Bengt},
    year = {2009},
    title = {{The Gene Evolution Model and Computing Its Associated Probabilities}},
    journal = {Journal of the ACM},
    volume = {56},
    number = {2},
    pages = {7}, 
    doi = {10.1145/1502793.1502796}
}
% Article number

@article{avise1983mitochondrial,
    author = {Avise, J C 
      and Shapira, J F 
      and Daniel, S W 
      and Aquadro, C F 
      and Lansman, R A},
    year = {1983},
    title = {{Mitochondrial DNA differentiation during the speciation process in Peromyscus.}},
    journal = {Molecular Biology and Evolution},
    volume = {1},
    number = {1},
    pages = {38--56},
    doi = {10.1093/oxfordjournals.molbev.a040301}
}

@article{avise1997phylogenetics,
    author = {John C. Avise 
    	and Kurt Wollenberg},
    year = {1997},
    title = {{Phylogenetics and the origin of species}},
    journal = {Proceedings of the National Academy of Sciences of the United %States of America},
    volume = {94},
    number = {15},
    pages = {7748--7755}, 
    doi = {10.1073/pnas.94.15.7748}
}

@article{bansal2010efficient,
    author = {Bansal, Mukul S. 
    	and Burleigh, J. Gordon 
    	and Eulenstein, Oliver},
    title = {{Efficient genome-scale phylogenetic analysis under the duplication-loss and deep coalescence cost models}},
    journal = {BMC Bioinformatics},
    year = {2010},
    volume = {11},
    number = {Suppl 1},
    pages = {S42},
    doi = {10.1186/1471-2105-11-S1-S42}
}

@article{bansal2010robinson,
    author = {Bansal, Mukul S. 
    	and Burleigh, J. Gordon 
    	and Eulenstein, Oliver 
    	and Fern{\'a}ndez-Baca, David},
    year = {2010},
    title = {{Robinson-Foulds Supertrees}},
    journal = {Algorithms for Molecular Biology},
    volume = {5},
    pages = {18},
    doi = {10.1186/1748-7188-5-18}
}

@article{bansal2013algorithms,
	author = {M.S. Bansal 
		and O. Eulenstein},
    year = {2013},
    title = {{Algorithms for Genome-Scale Phylogenetics Using Gene Tree Parsimony}},
    journal = {IEEE/ACM Transactions in Computational Biology and Bioinformatics},
    volume = {10}, 
    number = {4}, 
    pages = {939--956},
    doi = {10.1109/TCBB.2013.103}
}

@incollection{bansal2018linear,
    author = {M. S. Bansal},
    year = {2018},
    title = {{Linear-Time Algorithms for Some Phylogenetic Tree Completion Problems Under Robinson-Foulds Distance}},
    booktitle = {Comparative Genomics. RECOMB-CG 2018. Lecture Notes in Computer Science},
    volume = {11183},
    pages = {209--226},
    editor = {M. Blanchette and A. Ouangraoua},
    publisher = {Springer},
    address = {Cham, Switzerland},
    doi = {10.1007/978-3-030-00834-5_15}
}

@article{baird2008rapid,
	author = {Baird, N. A. 
		and Etter, P. D. 
		and Atwood, T. S. 
		and Currey, M. C. 
		and Shiver, A. L. 
		and Lewis, Z. A. 
		and Selker, E. U. 
		and Cresko, W. A. 
		and Johnson, E. A.}, 
	year = {2008}, 
	title = {{Rapid SNP Discovery and Genetic Mapping Using Sequenced RAD Markers}},
	journal = {PLoS ONE},
	volume = {3}, 
	pages = {e3376},
	doi = {10.1371/journal.pone.0003376}
}

@article{bayzid2013naive,
	author = {Bayzid, Md Shamsuzzoha 
		and Warnow, Tandy},
	year = {2013},
	title = {{Naive binning improves phylogenomic analyses}},
	journal = {Bioinformatics},
	volume = {29},
	number = {18},
	pages = {2277--2284},
	doi = {10.1093/bioinformatics/btt394}
}

@article{bayzid2014disk,
	author = {Bayzid, Md Shamsuzzoha 
		and Hunt, Tyler 
		and Warnow, Tandy},
	year = {2014},
	title = {{Disk covering methods improve phylogenomic analyses}},
	journal = {BMC Genomics},
	volume = {15},
	number = {Suppl 6},
	pages = {S7},
	doi = {10.1186/1471-2164-15-S6-S7}
}

@article{bayzid2015weighted,
	author = {Md. S. Bayzid 
		and S. Mirarab 
		and B. Boussau 
		and T. Warnow},
	year = {2015},
	title = {{Weighted Statistical Binning: Enabling Statistically Consistent Genome-Scale Phylogenetic Analyses}},
	journal = {PLoS ONE},
	volume = {10},
	number = {6},
	pages={e0129183},
	doi = {10.1371/journal.pone.0129183}
}

@article{bayzid2018gene,
    author = {Bayzid, Md Shamsuzzoha 
    	and Warnow, Tandy},
    title = {{Gene tree parsimony for incomplete gene trees: addressing true biological loss}},
    journal = {Algorithms for Molecular Biology},
    year = {2018},
    volume = {13},
    pages = {1},
    doi = {10.1186/s13015-017-0120-1}
}

@article {bejerano2004ultraconserved,
  author = {Bejerano, Gill 
    and Pheasant, Michael 
    and Makunin, Igor 
    and Stephen, Stuart 
    and Kent, W. James 
    and Mattick, John S. 
    and Haussler, David},
  title = {{Ultraconserved Elements in the Human Genome}},
  journal = {Science},
  volume = {304},
  number = {5675},
  pages = {1321--1325},
  year = {2004},
  doi = {10.1126/science.1098119}
}

@book{bernoulli,
 	author = {Mitrinovi\'{c}, D. S},
	title = {Analytic Inequalities},
	year = {1970},
	publisher = {Springer-Verlag},
	address = {New York}
}

@article{betancur2014conserved,
	author={Betancur-R, Ricardo 
		and Naylor, Gavin JP 
		and Ort{\'\i}, Guillermo},
	year={2014},
	title={{Conserved Genes, Sampling Error, and Phylogenomic Inference}},
	journal={Systematic Biology},
	volume={63},
	number={2},
	pages={257--262},
	doi={10.1093/sysbio/syt073}
}

@electronic{bininda2007taxon,
  author={Olaf R. P. Bininda-Emonds and Alexandros Stamatakis},
  title={{Taxon sampling versus computational complexity and their impact on obtaining the Tree of Life}},
  url = {https://cme.h-its.org/exelixis/pubs/TAXON-SAMPLING.pdf},
  month = {April},
  day = {24},
  year = {2020}
}

@book{bininda2004phylogenetic,
  editor = {Olaf R.P. Bininda-Emonds},
  year = {2004},
  title = {Phylogenetic Supertrees: Combining information to reveal the Tree of Life},
  series = {Computational Biology},
  volume = {4},
  publisher = {Springer},
  address = {Netherlands},
  doie = {10.1007/978-1-4020-2330-9}
}

@article{blom2017accounting,
	author = {Blom, Mozes P. K. 
		and Bragg, Jason G. 
		and Potter, Sally 
		and Moritz, Craig},
	year = {2017},
	title = {{Accounting for Uncertainty in Gene Tree Estimation: Summary-Coalescent Species Tree Inference in a Challenging Radiation of Australian Lizards}},
	journal = {Systematic Biology},
	volume = {66},
	number = {3},
	pages = {352--366},
	doi = {10.1093/sysbio/syw089}
}

@incollection{bodlaender1992two,
	author = {Bodlaender, Hans L. 
		and Fellows, Mike R. 
		and Warnow, Tandy J.},
	year = {1992},
	title = {Two strikes against perfect phylogeny},
	bookTitle = {Automata, Languages and Programming. ICALP 1992. Lecture Notes in Computer Science},
	volume = {623},
	pages = {273--283},
	editor = {W. Kuich},
	publisher = {Springer},
	address = {Berlin, Heidelberg},
	doi = {10.1007/3-540-55719-9_80}
}

@article{boto2009horizontal,
  author = {Luis Boto},
  year = {2009},
  title = {{Horizontal gene transfer in evolution: facts and challenges}},
  journal = {Proceedings of the Royal Society B},
  volume = {277},
  number = {},
  pages = {819--827},
  doi = {10.1098/rspb.2009.1679}
}

@article{boussau2013genome-phyldog,
  author = {Bastien Boussau 
    and Gergely J. Sz{\" o}ll{\H o}si 
    and Laurent Duret 
    and Manolo Gouy 
    and Eric Tannier 
    and Vincent Daubin},
  year = {2013},
  title = {{Genome-scale coestimation of species and gene trees}},
  journal = {Genome Research},
  volume = {23},
  number = {2},
  pages = {323--330},
  doi = {10.1101/gr.141978.112}
}

@article{brinkmeyer2001polynomial,
  author = {Brinkmeyer, Malte
    and Griebel, Thasso
    and B{\"o}cker, Sebastian},
  year = {2011},
  title = {{Polynomial Supertree Methods Revisited}},
  journal = {Advances in Bioinformatics},
  volume = {},
  number = {},
  pages = {524182},
  doi = {10.1155/2011/524182}
} 

@article{bromham2003modern,
  author = {Bromham, L. and Penny, D. },
  year = {2003},
  title = {{The modern molecular clock}},
  journal = {Nature Review Genetics},
  volume = {4},
  pages = {216–224},
  doi = {10.1038/nrg1020}
}

@article{bryant1998rapid,
	author = {Bryant, David 
		and Waddell, Peter},
	year = {1998},
	title = {{Rapid Evaluation of Least-Squares and Minimum-Evolution Criteria on Phylogenetic Trees}},
	journal = {Molecular Biology and Evolution},
	volume = {15},
	number = {10},
	pages = {1346--1346},
	doi = {10.1093/oxfordjournals.molbev.a025863}
}

@article{bryant2001constructing,
	author = {David Bryant 
		and Mike Steel},
	year = {2001},
	title = {{Constructing Optimal Trees from Quartets}},
	journal = {Journal of Algorithms},
	volume = {38},
  	number = {1},
	pages = {237--259},
	doi = {10.1006/jagm.2000.1133}
}

@article{bryant2005on,
	author={David Bryant},
	year={2005},
	title={{On the Uniqueness of the Selection Criterion in Neighbor-Joining}},
	journal={Journal of Classification},
	volume={22},
	pages={3--15},
	doi = {10.1007/s00357-005-0003-x}
}

@article{bryant2012inferring-snapp,
	author = {Bryant, David 
		and Bouckaert, Remco 
		and Felsenstein, Joseph 
		and Rosenberg, Noah A. 
		and RoyChoudhury, Arindam},
	year = {2012},
	title = {{Inferring Species Trees Directly from Biallelic Genetic Markers: Bypassing Gene Trees in a Full Coalescent Analysis}},
	journal = {Molecular Biology and Evolution},
	volume = {29},
	number = {8},
	pages = {1917--1932},
	doi = {10.1093/molbev/mss086}
}

@article{burleigh2010genome,
    author = {Burleigh, J. Gordon 
    	and Bansal, Mukul S. 
    	and Eulenstein, Oliver 
    	and Hartmann, Stefanie 
    	and Wehe, Andr{\' e}
    	and Vision, Todd J.},
    year = {2010},
    title = {{Genome-Scale Phylogenetics: Inferring the Plant Tree of Life from 18,896 Gene Trees}},
    journal = {Systematic Biology},
    volume = {60},
    number = {2},
    pages = {117--125},
    doi = {10.1093/sysbio/syq072}
}

@article{butler2009evolution,
    author = {Butler, Geraldine 
    	and Rasmussen, Matthew D. 
    	and Lin, Michael F. 
    	and Santos, Manuel A. S. 
    	and Sakthikumar, Sharadha 
    	and Munro, Carol A. 
    	and Rheinbay, Esther 
    	and Grabherr, Manfred 
    	and Forche, Anja 
    	and Reedy, Jennifer L. 
    	and Agrafioti, Ino 
		and Arnaud, Martha B. 
		and Bates, Steven 
		and Brown, Alistair J. P. 
		and Brunke, Sascha 
		and Costanzo, Maria C. 
		and Fitzpatrick, David A. 
		and de Groot, Piet W. J. 
		and Harris, David 
		and Hoyer, Lois L. 
		and Hube, Bernhard 
		and Klis, Frans M. 
		and Kodira, Chinnappa 
		and Lennard, Nicola 
		and Logue, Mary E. 
		and Martin, Ronny 
		and Neiman, Aaron M. 
		and Nikolaou, Elissavet 
		and Quail, Michael A. 
        and Quinn, Janet 
        and Santos, Maria C. 
        and Schmitzberger, Florian F. 
        and Sherlock, Gavin 
        and Shah, Prachi 
        and Silverstein, Kevin A. T. 
        and Skrzypek, Marek S. 
        and Soll, David 
        and Staggs, Rodney 
        and Stansfield, Ian 
        and Stumpf, Michael P. H. 
        and Sudbery, Peter E. 
        and Srikantha, Thyagarajan 
        and Zeng, Qiandong 
        and Berman, Judith 
        and Berriman, Matthew 
        and Heitman, Joseph 
        and Gow, Neil A. R. 
        and Lorenz, Michael C. 
        and Birren, Bruce W. 
        and Kellis, Manolis 
        and Cuomo, Christina A.},
    year = {2009},
    title = {{Evolution of pathogenicity and sexual reproduction in eight Candida genomes}},
    journal = {Nature},
    volume = {459},
    number = {7247},
    pages = {657--662},
    doi = {10.1038/nature08064}
}

@article{chatzou2015multiple,
    author = {Chatzou, Maria 
      and Magis, Cedrik 
      and Chang, Jia-Ming 
      and Kemena, Carsten 
      and Bussotti, Giovanni 
      and Erb, Ionas 
      and Notredame, Cedric},
    year = {2015},
    title = {{Multiple sequence alignment modeling: methods and applications}},
    journal = {Briefings in Bioinformatics},
    volume = {17},
    number = {6},
    pages = {1009--1023},
    doi = {10.1093/bib/bbv099}
}


@article{chaudhary2010igtp,
  author = {Chaudhary, Ruchi 
    and Bansal, Mukul S 
    and Wehe, Andr{\'e} 
    and Fern{\'a}ndez-Baca, David 
    and Eulenstein, Oliver},
    year = {2010},
    title = {{iGTP: a software package for large-scale gene tree parsimony analysis}},
    journal = {BMC Bioinformatics},
    volume = {11},
    pages = {574}
}


@article{chaudhary2013inferring,
    author = {Chaudhary, Ruchi 
    	and Burleigh, John Gordon 
    	and Fern{\'a}ndez-Baca, David},
    year = {2013},
    title = {{Inferring Species Trees from Incongruent Multi-Copy Gene Trees Using the Robinson-Foulds Distance}},
    journal = {Algorithms for Molecular Biology},
    volume = {8},
    pages = {28},
    doi = {10.1186/1748-7188-8-28}
}

@article{chaudhary2014mulrf,
    author={Chaudhary, Ruchi 
    	and Fern{\'a}ndez-Baca, David 
    	and Burleigh, John Gordon},
    year = {2014},
    title = {{MulRF: a software package for phylogenetic analysis using multi-copy gene trees}},
    journal = {Bioinformatics},
    volume = {31},
    number = {3},
    pages = {432--433},
    doi = {10.1093/bioinformatics/btu648}
}

@article{chaudhary2014assessing,
    author = {Chaudhary, Ruchi 
    	and Boussau, Bastien 
    	and Burleigh, J. Gordon 
    	and Fern{\'a}ndez-Baca, David},
    year = {2014},
    title = {{Assessing Approaches for Inferring Species Trees from Multi-Copy Genes}},
    journal = {Systematic Biology},
    volume = {64},
    number = {2},
    pages = {325--339},
    doi = {10.1093/sysbio/syu128},
}

@article{chen2015selecting,
	author = {Chen, Meng-Yun 
		and Liang, Dan 
		and Zhang, Peng},
	year = {2015},
	title = {{Selecting Question-Specific Genes to Reduce Incongruence in Phylogenomics: A Case Study of Jawed Vertebrate Backbone Phylogeny}},
	journal = {Systematic Biology},
	volume = {64},
	number = {6},
	pages = {1104--1120},
	doi = {10.1093/sysbio/syv059}
}

@article{cheng201810kp,
    author = {Cheng, Shifeng 
    	and Melkonian, Michael a
    	and Smith, Stephen A 
    	and Brockington, Samuel 
    	and Archibald, John M 
    	and Delaux, Pierre-Marc 
    	and Li, Fay-Wei 
    	and Melkonian, Barbara 
    	and Mavrodiev, Evgeny V 
    	and Sun, Wenjing 
    	and Fu, Yuan 
    	and Yang, Huanming 
    	and Soltis, Douglas E 
    	and Graham, Sean W 
    	and Soltis, Pamela S 
    	and Liu, Xin 
    	and Xu, Xun 
    	and Wong, Gane Ka-Shu},
    title = {{10KP: A phylodiverse genome sequencing plan}},
    journal = {GigaScience},
    volume = {7},
    number = {3},
    year = {2018},
    doi = {10.1093/gigascience/giy013}
}

@article{chifman2014quartet-svdquartets,
	author = {Chifman, Julia 
		and Kubatko, Laura},
	year = {2014},
	title = {{Quartet Inference from SNP Data Under the Coalescent Model}},
	journal = {Bioinformatics},
	volume = {30},
	number = {23},
	pages = {3317--3324},
	doi = {10.1093/bioinformatics/btu530}
}

@article{chifman2015identifiability,
	author = {Julia Chifman 
		and Laura Kubatko},
	year = {2015},
	title = {{Identifiability of the unrooted species tree topology under the coalescent model with time-reversible substitution processes, site-specific rate variation, and invariable sites}},
	journal = {Journal of Theoretical Biology},
	volume = {374},
	pages = {35--47},
	doi = {10.1016/j.jtbi.2015.03.006}
}

@article{cho2011can,
	author = {Cho, Soowon 
		and Zwick, Andreas 
		and Regier, Jerome C. 
		and Mitter, Charles 
		and Cummings, Michael P. 
		and Yao, Jianxiu 
		and Du, Zaile 
		and Zhao, Hong 
		and Kawahara, Akito Y. 
		and Weller, Susan 
		and Davis, Donald R. 
		and Baixeras, Joaquin 
		and Brown, John W. 
		and Parr, Cynthia},
	year = {2011},
	title = {{Can Deliberately Incomplete Gene Sample Augmentation Improve a Phylogeny Estimate for the Advanced Moths and Butterflies (Hexapoda: Lepidoptera)?}},
	journal = {Systematic Biology},
	volume = {60},
	number = {6},
	pages = {782--796},
	doi = {10.1093/sysbio/syr079},
}

@article{chou2015comparative,
	author = {J. Chou 
		and A. Gupta 
		and S. Yaduvanshi 
		and R. Davidson 
		and M. Nute 
		and S. Mirarab 
		and T. Warnow},
	year =  {2015},
	title = {{A comparative study of SVDquartets and other coalescent-based species tree estimation methods}},
	journal = {BMC Genomics},
	volume =  {16},
	number = {Suppl 10},
	pages = {S2},
	doi = {10.1186/1471-2164-16-S10-S2}
}

@article{criscuolo2008fast,
  author = {A. Criscuolo and O. Gascuel},
  year = {2008},
  title = {{Fast NJ-like algorithms to deal with incomplete distance matrices}},
  journal = {BMC Bioinformatics},
  volume = {9},
  pages = {166},
  doi = {doi.org/10.1186/1471-2105-9-166}
}

@article{crotty2019ghost,
  author = {Stephen M Crotty 
  	and Bui Quang Minh 
  	and Nigel G Bean 
  	and Barbara R Holland 
  	and Jonathan Tuke 
  	and Lars S Jermiin
  	and Arndt Von Haeseler},
  year = {2020},
  title = {{GHOST: Recovering Historical Signal from Heterotachously Evolved Sequence Alignments}},
  journal = {Systematic Biology},
  volume = {69},
  number = {2},
  pages = {249--264},
  doi = {/10.1093/sysbio/syz051}
}

@inproceedings{culler1993logp,
    author = {Culler, David and Karp, Richard and Patterson, David and Sahay, Abhijit and Schauser, Klaus Erik and Santos, Eunice and Subramonian, Ramesh and von Eicken, Thorsten},
    year = {1993},
    title = {{LogP: Towards a Realistic Model of Parallel Computation}},
    booktitle = {Proceedings of the Fourth ACM SIGPLAN Symposium on Principles and Practice of Parallel Programming},
    series = {PPOPP '93},
    isbn = {0-89791-589-5},
    location = {San Diego, California, USA},
    pages = {1--12},
    doi = {doi:10.1145/155332.155333},
    acmid = {155333},
    publisher = {ACM},
    address = {New York, NY, USA}
} 

@book{nsf-ATOL,
	year={2002},
  	title={{Assembling the Tree of Life: Harnessing Life's History to Benefit Science and Society}},
  	editor={Cracraft, J and Donoghue, M and Dragoo, J and Hillis, D and Yates, T},
  	publisher={National Science Foundation},
  	note = {Available at \url{http://ucjeps.berkeley.edu/tol.pdf}}
}

@book{darwin1859on,
  author = {Darwin, C},
  year = {1859},
  title = {{On the origin of species by means of natural selection, or the preservation of favoured races in the struggle for life}},
  publisher = {John Murray, Albemarle Street},
  address = {London}
}

@article{dasarathy2015data-metal,
	author = {Dasarathy, Gautam 
		and Nowak, Robert 
		and Roch, Sebastien},
	year = {2015},
	title = {{Data Requirement for Phylogenetic Inference from Multiple Loci: A New Distance Method}},
	journal = {IEEE/ACM Transactions in Computational Biology and Bioinformatics},
	volume = {12},
	number = {2},
 	pages = {422--432},
 	doi = {10.1109/TCBB.2014.2361685}
}

@article{dasarathy2017coalescent,
	author = {Dasarathy, Gautam 
		and Mossel, Elchanan 
		and Nowak, Robert 
		and Roch, Sebastien},
	year = {2017},
	title = {{Coalescent-based species tree estimation: a stochastic Farris transform}},
	journal = {arXiv},
	pages = {1707.04300},
	note = {Available at \url{https://arxiv.org/abs/1707.04300}}
}

@inproceedings{daskalakis2016species,
	author = {Constantinos Daskalakis 
		and Sebastien Roch},
	year = {2016},
	title = {{Species Trees from Gene Trees Despite a High Rate of Lateral Genetic Transfer: A Tight Bound (Extended Abstract)}},
	booktitle = {Proceedings of the Twenty-Seventh Annual ACM-SIAM Symposium on Discrete Algorithms (SODA)},
	pages = {1621--1630},
	doi = {10.1137/1.9781611974331.ch110}
}

@article{davidson2015phylogenomic,
	author = {Davidson, Ruth 
		and Vachaspati, Pranjal 
		and Mirarab, Siavash 
		and Warnow, Tandy},
	year = {2015},
	title = {{Phylogenomic species tree estimation in the presence of incomplete lineage sorting and horizontal gene transfer}},
	journal = {BMC Genomics},
	volume = {16},
	number = {Suppl 10},
	pages = {S1},
	doi={10.1186/1471-2164-16-S10-S1}
}

@article{day1985optimal,
  author = {Day, W.},
  year = {1985},
  title = {{Optimal algorithms for comparing trees with labeled leaves}},
  journal = {Journal of Classifaction},
  volume = {2},
  number = {1},
  pages = {7--28},
}

@article{de2016bayesian-guenomu,
	author = {De~Oliveira Martins, Leonardo 
		and Mallo, Diego 
		and Posada, David},
	year = {2016},
	title = {{A Bayesian supertree model for genome-wide species tree reconstruction}},
	journal = {Systematic Biology},
	volume = {65},
	number = {3},
	pages = {397--416},
	doi = {10.1093/sysbio/syu082}
}

@article{de2017phylogenomics,
	author={{de~Oca}, Adri{\'a}n Nieto-Montes 
		and Barley, Anthony J 
		and Meza-L{\'a}zaro, Rubi N 
		and Garc{\'\i}a-V{\'a}zquez, Uri O 
		and Zamora-Abrego, Joan G 
		and Thomson, Robert C 
		and Leach{\'e}, Adam D},
	year={2017},
	title={{Phylogenomics and species delimitation in the knob-scaled lizards of the genus Xenosaurus (Squamata: Xenosauridae) using ddRADseq data reveal a substantial underestimation of diversity}},
	journal={Molecular Phylogenetics and Evolution},
	volume={106},
	number = {Supplement C},
	pages={241--253},
	doi={10.1016/j.ympev.2016.09.001}
}

@article{degnan2006discordance,
	author = {J. H. Degnan 
		and N. A. Rosenberg},
	year = {2006},
	title = {{Discordance of Species Trees with Their Most Likely Gene Trees}},
	journal = {PLoS Genetics},
	volume = {2},
	pages = {762--768},
	doi = {10.1371/journal.pgen.0020068}
}

@article{degnan2009gene,
	author = {Degnan, James H 
		and Rosenberg, Noah A},
	year = {2009},
	title = {{Gene tree discordance, phylogenetic inference and the multispecies coalescent}},
	journal = {Trends in Ecology and Evolution},
	volume = {24},
	number = {6},
	pages = {332--340},
	doi = {10.1016/j.tree.2009.01.009}
}

@article{degnan2013anomalous,
    author = {Degnan, James H.},
    year = {2013},
    title = {{Anomalous Unrooted Gene Trees}},
    journal = {Systematic Biology},
    volume = {62},
    number = {4},
    pages = {574--590},
    doi = {10.1093/sysbio/syt023}
}

@article{degiorgio2010fast-smrt-ml,
	author={DeGiorgio, Michael 
		and Degnan, James H},
	year={2010},
	title = {{Fast and Consistent Estimation of Species Trees Using Supermatrix Rooted Triples}},
	journal = {Molecular Biology and Evolution},
	volume = {27},
	number = {3},
	pages = {552--569},
	doi = {10.1093/molbev/msp250}
}

@article{degiorgio2014robustness,
	author = {M. DeGiorgio 
		and  J. H. Degnan},
	year = {2014},
	title = {{Robustness to Divergence Time Underestimation When Inferring Species Trees from Estimated Gene Trees}},
	journal = {Systematic Biology},
	volume = {63},
	number = {1},
	pages = {66--82},
	doi = {10.1093/sysbio/syt059}
}

@incollection{delabre2019evolution,
	author={Delabre, Matteo and El-Mabrouk, Nadia and Huber, Katharina and Lafond, Manuel and Moulton, Vincent and Noutahi, Emmanuel and Sautie Castellanos, Miguel},
	year={2018},
 	title={{Evolution through segmental duplications and losses: A Super-Reconciliation approach}},
 	booktitle = {{RECOMB International Conference on Comparative Genomics}},
 	publisher = {Springer}, 
 	pages = {179--195},
 	address = {Cham, Switzerland}
}

@inbook{demmel2013communication, 
    author={James Demmel and Kathy Yelick},
    year={2013},
    title={{Communication Avoiding (CA) and Other Innovative Algorithms}},
    booktitle={The Berkeley Par Lab: Progress in the Parallel Computing Landscape},
    pages={243--250},
    doi={},
    ISSN={978-0-9825442-3-5},
    month={},
    publisher = {Microsoft Corporation},
}

@article{deng2018fast,
  author = {Deng, Y.
    and Fern{\'a}ndez-Baca, D. },
  title = {{Fast Compatibility Testing for Rooted Phylogenetic Trees}},
  year = {2018},
  journal = {Algorithmica},
  volume = {80},
  number = {},
  pages = {2453--2477},
  doi = {10.1007/s00453-017-0330-4}
}

@article{desper2004fast,
  author = {R. Desper and O. Gascuel},
  year = {2004},
  title = {{Fast and accurate phylogeny reconstruction algorithm based on the minimum-evolution principle}},
  journal = {Journal of Computational Biology},
  volume = {9},
  number = {2},
  pages = {687--705},
  doi = {10.1089/106652702761034136}
}

@article{desper2004theoretical-bme,
	author = {Desper, Richard 
		and Gascuel, Olivier},
	title = {{Theoretical Foundation of the Balanced Minimum Evolution Method of Phylogenetic Inference and Its Relationship to Weighted Least-Squares Tree Fitting}},
	year = {2004},
	journal = {Molecular Biology and Evolution},
	volume = {21},
	number = {3},
	pages = {587--598},
	doi = {10.1093/molbev/msh049}
}

@article{dhanapal2015international,
	author={A. P. Dhanapal 
		and M. Govindaraj},
	year={2015},
	title={{International Unlimited Thirst for Genome Sequencing, Data Interpretation, and Database Usage in Genomic Era: The Road towards Fast-Track Crop Plant Improvement}},
	journal = {Genome Research},
	volume = {2015},
	pages = {684321},
	doi = {10.1155/2015/684321}
}

@article{dondi2019reconciling,
	author = {Dondi, R. 
		and Lafond, M. 
		and Scornavacca, C.},
	year = {2019},
	title = {{Reconciling multiple genes trees via segmental duplications and losses}},
	journal = {Algorithms for Molecular Biology},
	volume = {14},
	pages = {7},
	doi = {10.1186/s13015-019-0139-6}
}

@article{dornburg2014phylogenetic,
	author = {Dornburg, Alex 
		and Townsend, Jeffrey P. 
		and Friedman, Matt 
		and Near, Thomas J.},
	year = {2014},
	title = {{Phylogenetic informativeness reconciles ray-finned fish molecular divergence times}},
	journal = {BMC Evolutionary Biology},
	volume = {14},
	pages = {169},
	doi = {10.1186/s12862-014-0169-0}
}

@article{dornburg2017new,
	author = {Alex Dornburg 
		and Jeffrey P. Townsend 
		and Willa Brooks 
		and Elizabeth Spriggs 
		and Ron I. Eytan 
		and Jon A. Moore 
		and Peter C. Wainwright 
		and Alan Lemmon 
		and Emily Moriarty Lemmon 
		and Thomas J. Near},
	year = {2017},
	title = {{New insights on the sister lineage of percomorph fishes with an anchored hybrid enrichment dataset}},
	journal = {Molecular Phylogenetics and Evolution},
	volume = {110},
	pages = {27--38},
	doi = {10.1016/j.ympev.2017.02.017}
}

@article{driskell2004prospects,
	author = {Driskell, Amy C. 
		and An{\'e}, C{\'e}cile 
		and Burleigh, J. Gordon 
		and McMahon, Michelle M. 
		and O{\textquoteright}Meara, Brian C. 
		and Sanderson, Michael J.},
	year = {2004},
	title = {{Prospects for Building the Tree of Life from Large Sequence Databases}},
	journal = {Science},
	volume = {306},
	number = {5699},
	pages = {1172--1174},
	doi = {10.1126/science.1102036}
}

@article{drummond2006relaxed,
    author = {Drummond, Alexei J 
      AND Ho, Simon Y. W 
      AND Phillips, Matthew J 
      AND Rambaut, Andrew},
    year = {2006},
    title = {{Relaxed Phylogenetics and Dating with Confidence}},
    journal = {PLOS Biology},
    volume = {4},
    number = {5},
    pages = {e88},
    doi = {10.1371/journal.pbio.0040088}
}

@article{du2019species,
    author = {Du, Peng 
    	and Hahn, Matthew W 
    	and Nakhleh, Luay},
    year = {2019},
    title = {{Species Tree Inference under the Multispecies Coalescent on Data with Paralogs is Accurate}},
    journal = {bioRxiv},
    publisher = {Cold Spring Harbor Laboratory},
    pages = {498378},
    doi = {10.1101/498378},
    note = {Available at \url{https://dx.doi.org/10.1101/498378}}
}

@incollection{du2019unifying,
    author = {Du P., Ogilvie H.A., Nakhleh L.},
    year = {2019},
    title = {{Unifying Gene Duplication, Loss, and Coalescence on Phylogenetic Networks}},
    booktitle = { Bioinformatics Research and Applications. ISBRA 2019. Lecture Notes in Computer Science},
    volume = {11490},
    pages = {40--51},
    editor = {Cai Z., Skums P., Li M.},
    publisher = {Springer},
    address = {Cham, Switzerland},
    doi = {10.1007/978-3-030-20242-2_4}
}

@article{edgar2004muscle,
	author={Edgar, Robert C},
	year={2004},
	title={{MUSCLE: multiple sequence alignment with high accuracy and high throughput}},
	journal={Nucleic Acids Research},
	volume={32},
	number={5},
	pages={1792--1797},
	doi = {10.1093/nar/gkh340}
}

@article{edwards2007high,
	author = {Edwards, Scott V and Liu, Liang and Pearl, Dennis K},
	year = {2007},
	title = {{High-resolution species trees without concatenation}},
	journal = {Proceedings of the National Academy of Sciences of the United States of America},
	volume = {104},
	number = {14},
	pages = {5936--5941},
	doi = {10.1073/pnas.0607004104}
}

@article{edwards2009is,
	author = {Edwards, Scott V.},
	year = {2009},
	title = {{Is a new and general theory of molecular systematics emerging?}},
	journal = {Evolution},
	volume = {63},
	number = {1},
	pages = {1--19},
	doi = {10.1111/j.1558-5646.2008.00549.x},
}

@article{edwards2016implementing,
  author = {Scott V. Edwards 
    and Zhenxiang Xi 
    and Axel Janke 
    and Brant C. Faircloth 
    and John E. McCormack 
    and Travis C. Glenn 
    and Bojian Zhong 
    and Shaoyuan Wu 
    and Emily Moriarty Lemmon 
    and Alan R. Lemmon 
    and Adam D. Leach{\'e} 
    and Liang Liu 
    and Charles C. Davis},
  year = {2016},
  title = {{Implementing and testing the multispecies coalescent model: A valuable paradigm for phylogenomics}},
  journal = {Molecular Phylogenetics and Evolution},
  volume = {94},
  pages = {447--462},
  doi = {10.1016/j.ympev.2015.10.027}
}

@article{efron1996bootstrap,
	author = {Efron, Bradley 
		and Halloran, Elizabeth 
		and Holmes, Susan},
	year = {1996},
	title = {{Bootstrap confidence levels for phylogenetic trees}},
	journal = {Proceedings of the National Academy of Sciences of the United States of America},
	volume = {93},
	number = {23},
	pages = {13429--13429},
	doi = {10.1073/pnas.93.23.13429}
}

@article{eisen1998phylogenomics,
	author = {Eisen, Jonathan A},
	year = {1998},
	title = {{Phylogenomics: Improving Funcational Predictions for Uncharacterized Genes by Evolutionary Analysis}},
	journal = {Genome Research},
	volume = {8},
	number = {3},
	pages = {163--167},
	doi = {10.1101/gr.8.3.163}
}

@incollection{elmabrouk2019gene,
	author = {El-Mabrouk, Nadia 
		and Noutahi, Emmanuel},
	year = {2019},
	title = {{Gene Family Evolution—An Algorithmic Framework}},
	booktitle = {Bioinformatics and Phylogenetics},
	volume = {29},
	pages = {87--119},
	editor = {T. Warnow},
	publisher = {Springer},
	address = {Cham, Switzerland}
}

@article{emms2018stag,
    author = {Emms, D.M. 
    	and Kelly, S.},
    year = {2018},
    title = {{STAG: Species Tree Inference from All Genes}},
    journal = {bioRxiv},
    pages = {267914},
    publisher = {Cold Spring Harbor Laboratory},
    doi = {10.1101/267914},
    note = {Available at \url{https://dx.doi.org/10.1101/267914}}
}

@article{estabrook1975idealized,
	author = {Estabrook, G. 
		and Johnson, C. 
		and McMorris, F.},
	year =  {1975},
	title = {{An idealized concept of the true cladistic character}},
	journal = {Mathematical Biosciences},
	volume = {23},
	number = {3--4},
	pages = {263--272},
	doi = {10.1016/0025-5564(75)90040-1}
}

@article{faircloth2017identifying,
author = {Faircloth, Brant C.},
year = {2017},
title = {{Identifying conserved genomic elements and designing universal bait sets to enrich them}},
journal = {Methods in Ecology and Evolution},
volume = {8},
number = {9},
pages = {1103--1112},
doi = {10.1111/2041-210X.12754}
}

@article{felsenstein1978cases,
  author = {Felsenstein, Joseph},
  year = {1978},
  title = {{Cases in which parsimony or compatibility methods will be positively misleading}},
  journal = {Systematic Zoology},
  volume = {1978},
  number = {7},
  pages = {401--410},
}

@article{felsenstein1981evolutionary,
	author = {Felsenstein, Joseph},
	year = {1981},
	title = {{Evolutionary trees from DNA sequences: A maximum likelihood approach}},
	journal = {Journal of Molecular Evolution},
	volume = {17},
	number = {6},
	pages = {368--376},
	doi = {10.1007/BF01734359},
}

@article{felsenstein1985confidence,
	author = {Felsenstein, Joseph},
	year = {1985},
	title = {{Confidence Limits on {P}hylogenies: An Approach Using the Bootstrap}},
	journal = {Evolution},
	volume = {39},
	number = {4},
	pages = {783--791},
	doi = {10.1111/j.1558-5646.1985.tb00420.x}
}

@article{fischer2009sequence,
	author = {Fischer, Mareike 
		and Steel, Mike},
	year = {2009},
	title = {{Sequence length bounds for resolving a deep phylogenetic divergence}},
	journal = {Journal of Theoretical Biology},
	volume = {256},
	number = {2},
	pages = {247--252},
	doi = {10.1016/j.jtbi.2008.09.031}
}

@article{fitch2000homology,
	author={Fitch, Walter M},
	year={2000},
	title={{Homology: a personal view on some of the problems}},
	journal={Trends in Genetics},
	volume={16},
	number={5},
	pages={227--231},
	doi = {10.1016/S0168-9525(00)02005-9}
}

@article{fletcher2009indelible,
    author = {Fletcher, William 
    	and Yang, Ziheng},
    year = {2009},
    title = {{INDELible: A Flexible Simulator of Biological Sequence Evolution}},
    journal = {Molecular Biology and Evolution},
    volume = {26}, 
    number = {8}, 
    pages = {1879--1888}, 
    doi = {10.1093/molbev/msp098}
}

@article{ganapathy2006pattern,
	author = {Ganapathy, Ganeshkumar 
		and Goodson, Barbara 
		and Jansen, Robert 
		and Le, Hai-son 
		and Ramachandran, Vijaya 
		and Warnow, Tandy},
	year = {2006},
    title = {{Pattern Identification in Biogeography}},
    journal = {IEEE/ACM Transactions on Computational Biology and Bioinformatics},
    volume = {3},
    number = {4},
    pages = {334--346},
    doi = {10.1109/TCBB.2006.57}
}

@inproceedings{gascuel1997,
	author = {Olivier Gascuel},
	year = {1997},
	title = {{Concerning the NJ algorithm and its unweighted version, UNJ}},
	booktitle = {Mathematical Hierarchies and Biology. DIMACS Series in Discrete Mathematics and Theoretical Computer Science},
	editor = {Roberts, F.S. and Rzhetsky, A.},
	volume = {37},
	pages = {149--170},
	publisher = {American Mathematical Society},
	address = {Providence, RI, USA}
}

@article{gatesy2014phylo,
	author = {John Gatesy 
		and Mark S. Springer},
	year = {2014},
	title = {{Phylogenetic analysis at deep timescales: Unreliable gene trees, bypassed hidden support, and the coalescence/concatalescence conundrum}},
	journal = {Molecular Biology and Evolution},
	volume = {80},
	pages = {231--266},
	doi = {10.1016/j.ympev.2014.08.013}
}

@article{gatesy2017resolving-pcs,
	author = {John Gatesy
		and Robert W. Meredith
		and Jan E. Janecka
		and Mark P. Simmons
		and William J. Murphy 
		and Mark S. Springer},
	year = {2017},
	title = {{Resolution of a concatenation/coalescence kerfuffle: partitioned coalescence support and a robust family‐level tree for Mammalia}},
	journal = {Cladistics},
	volume = {33},
	number = {3},
	pages = {295--332},
	doi = {10.1111/cla.12170}
}

@article{gatesy2019partitioned,
  author = {John Gatesy 
  	and Daniel B. Sloan 
  	and Jessica M. Warren 
  	and Richard H. Baker 
  	and Mark P. Simmons 
  	and Mark S. Springer},
  year = {2019},
  title = {{Partitioned coalescence support reveals biases in species-tree methods and detects gene trees that determine phylogenomic conflicts}},
  journal = {Molecular Phylogenetics and Evolution},
  volume = {139},
  pages = {106539},
  doi = {10.1016/j.ympev.2019.106539}
}

@article{gogarten2005horizontal,
  author = {Gogarten, J.
    and Townsend, J.},
  year = {2005},
  title = {{Horizontal gene transfer, genome innovation and evolution}},
  journal = {Nature Reviews Microbiology},
  volume = {3},
  pages = {679--687},
  doi = {10.1038/nrmicro1204}
}

@article{griffiths1996ancestral,
  author = {R. C. Griffiths
    and P. Marjoram},
  year = {1996},
  title = {{Ancestral Inference from Samples of DNA Sequences with Recombination}},
  journal = {Journal of Computational Biology},
  volume = {3},
  number = {4},
  pages = {479--502},
  doi = {10.1089/cmb.1996.3.479}
}

@inproceedings{gropp2016modeling,
    author = {Gropp, William 
    	and Olson, Luke N. 
    	and Samfass, Philipp},
    year = {2016},
    title = {{Modeling MPI Communication Performance on SMP Nodes: Is It Time to Retire the Ping Pong Test}},
    booktitle = {Proceedings of the 23rd European MPI Users' Group Meeting},
    series = {EuroMPI 2016},
    isbn = {978-1-4503-4234-6},
    location = {Edinburgh, United Kingdom},
    pages = {41--50},
    publisher = {ACM},
    address = {New York, NY, USA},
    doi = {10.1145/2966884.2966919}
}

@article{guindon2010new,
	author = {Guindon, St{\'e}phane 
		and Dufayard, Jean-Fran{\c{c}}ois 
		and Lefort, Vincent 
		and Anisimova, Maria 
		and Hordijk, Wim 
		and Gascuel, Olivier},
	year = {2010},
	title = {{New algorithms and methods to estimate maximum-likelihood phylogenies: assessing the performance of PhyML 3.0}},
  	journal = {Systematic Biology},
	volume = {59},
	number = {3},
	pages = {307--321},
	doi = {10.1093/sysbio/syq010}
}

@article{gusfield1991efficient,
	author = {Gusfield, Dan},
	year = {1991},
	title = {{Efficient algorithms for inferring evolutionary trees}},
	journal = {Networks},
	volume = {21},
	number = {1},
	pages = {19--28},
	doi = {10.1002/net.3230210104}
}

@inproceedings{hallett2000new,
    author = {Hallett, M. T. 
    	and Lagergren, J.},
    year = {2000},
    title = {{New Algorithms for the Duplication-loss Model}},
    booktitle = {Proceedings of the Fourth Annual International Conference on Computational Molecular Biology (RECOMB)},
    pages = {138--146},
    doi = {10.1145/332306.332359}
}

@inproceedings{hallett2004simultaneous,
	author = {Hallett, Mike 
		and Lagergren, Jens 
		and Tofigh, Ali},
	year = {2004},
	title = {{Simultaneous identification of duplications and lateral transfers}},
	booktitle = {Proceedings of the Eighth Annual International Conference on Computational Molecular Biology (RECOMB)},
	pages = {347--356},
	doi = {10.1145/974614.974660}
}

@article{hasic2019gene,
	author = {Hasi{\'c}, Damir 
		and Tannier, Eric},
	year = {2019},
	title = {{Gene tree species tree reconciliation with gene conversion}},
	journal = {Journal of Mathematical Biology},
	volume = {78},
	number = {6},
	pages = {1981--2014},
	doi = {10.1007/s00285-019-01331-w}
}

@article{heath2008taxon,
  author = {Tracy A. Heath
    and Shannon M. Hedtke
    and David M. Hillis},
  year = {2008},
  title = {{Taxon sampling and the accuracy of phylogenetic analyses}},
  journal = {Journal of Systematics and Evolution},
  volume = {46},
  number = {3},
  pages = {239--257},
  doi = {10.3724/SP.J.1002.2008.08016}
}

@article{hendy1989framework,
  author = {Hendy, M.
     and Penny, D.},
  year = {1989},
  title = {{A framework for the quantitative study of evolutionary
trees}},
  journal = {Systematic Biology},
  volume = {38},
  number = {4},
  pages = {297–309},
  doi = {10.2307/2992396}
}

@article{heled2010bayesian,
	author = {Heled, Joseph 
		and Drummond, Alexei J.},
	year = {2010},
	title = {{Bayesian Inference of Species Trees from Multilocus Data}},
	journal = {Molecular Biology and Evolution},
	volume = {27},
	number = {3},
	pages = {570--580},
	doi = {10.1093/molbev/msp274}
}

@article{hernandez2012from,
    author={Maribel Hernandez-Rosales
 		and Marc Hellmuth
        and Nicolas Wieseke
        and Katharina T Huber
        and Vincent Moulton
        and Peter F Stadler},
    year={2012},
    title={{From event-labeled gene trees to species trees}},
    journal={BMC Bioinformatics},
    volume={13},
    number={Suppl 19},
    pages={S6},
    doi={10.1186/1471-2105-13-S19-S6}
}

@article {hinchliff2015synthesis,
  author = {Hinchliff, Cody E. 
    and Smith, Stephen A. 
    and Allman, James F. 
    and Burleigh, J. Gordon 
    and Chaudhary, Ruchi 
    and Coghill, Lyndon M. 
    and Crandall, Keith A. 
    and Deng, Jiabin 
    and Drew, Bryan T. 
    and Gazis, Romina 
    and Gude, Karl 
    and Hibbett, David S. 
    and Katz, Laura A. 
    and Laughinghouse, H. Dail 
    and McTavish, Emily Jane 
    and Midford, Peter E. 
    and Owen, Christopher L. 
    and Ree, Richard H. 
    and Rees, Jonathan A. 
    and Soltis, Douglas E. 
    and Williams, Tiffani 
    and Cranston, Karen A.},
  year = {2015},
  title = {{Synthesis of phylogeny and taxonomy into a comprehensive tree of life}},
  journal = {Proceedings of the National Academy of Sciences of the United States of America},
  volume = {112},
  number = {41},
  pages = {12764--12769},
  doi = {10.1073/pnas.1423041112}
}


@article{ho2008molecular,
  author = {Simon Ho},
  year = {2008}, 
  title = {{The Molecular Clock and Estimating Species Divergence}},
  journal = {Nature Education},
  volume = {1}, 
  number = {1}, 
  pages = {168}, 
}

@article{hobolth2011incomplete,
	author = {Hobolth, Asger 
		and Dutheil, Julien Y 
		and Hawks, John 
		and Mailund, Thomas},
	year = {2011}, 
	title = {{Incomplete lineage sorting patterns among human, chimpanzee, and orangutan suggest recent orangutan speciation and widespread selection}},
	journal = {Genome Research},
	volume = {21}, 
	number = {3}, 
	pages = {349--356}, 
	doi = {10.1101/gr.114751.110}
}

@INPROCEEDINGS{hoefler2007implementation, 
    author={T. Hoefler 
    	and A. Lumsdaine 
    	and W. Rehm}, 
    title={{Implementation and performance analysis of non-blocking collective operations for MPI}},
	year={2007}, 
    booktitle={Proceedings of the 2007 ACM/IEEE Conference on Supercomputing},
    series={SC '07},
    volume={}, 
    number={},
	publisher = {ACM},
    location = {Reno, Nevada},
    pages={1--10},
    doi={10.1145/1362622.1362692}
}

@article{holmes2003bootstrapping,
	author={Holmes, Susan},
	year={2003},
	title={{Bootstrapping Phylogenetic Trees: Theory and Methods}},
	journal={Statistical Science},
	volume={18},
	number = {2},
	pages={241--255}
}

@incollection{holmes2005statistical,
	author={Holmes, Susan},
	year={2005},
	title={{Statistical Approach to Tests Involving Phylogenies}},
	booktitle={Mathematics of Evolution and Phylogeny},
	editor = {Oliver Gascuel},
	pages={91--120},
	publisher = {Oxford University Press},
	address = {Oxford, UK}
}

@article{hohna2016revbayes,
    author = {H{\"o}hna, Sebastian and Landis, Michael J. and Heath, Tracy A. and Boussau, Bastien and Lartillot, Nicolas and Moore, Brian R. and Huelsenbeck, John P. and Ronquist, Fredrik},
    title = {{RevBayes: Bayesian Phylogenetic Inference Using Graphical Models and an Interactive Model-Specification Language}},
    journal = {Systematic Biology},
    volume = {65},
    number = {4},
    pages = {726--736},
    year = {2016},
    issn = {1063-5157},
    doi = {10.1093/sysbio/syw021}
}




@article{hosner2016empirical,
	author = {Hosner, Peter A. 
		and Faircloth, Brant C. 
		and Glenn, Travis C. 
		and Braun, Edward L. 
		and Kimball, Rebecca T.},
	year = {2016},
	title = {{Avoiding Missing Data Biases in Phylogenomic Inference: An Empirical Study in the Landfowl (Aves: Galliformes)}},
	journal = {Molecular Biology and Evolution},
	volume = {33},
	number = {4},
	pages = {1110--1125},
	doi = {10.1093/molbev/msv347}
}

@article{hovmoller2013effects,
	author = {Rasmus Hovm{\"o}ller 
		and L. Lacey  
		and Laura S. Kubatko},
	year = {2013},
	title = {{Effects of missing data on species tree estimation under the coalescent}},
	journal = {Molecular Phylogenetics and Evolution},
	volume = {69},
	number = {3},
	pages = {1057--1062},
	doi = {10.1016/j.ympev.2013.06.004}
}

@article{huang2010sources,
	author = {Huang, Huateng 
		and He, Qixin 
		and Kubatko, Laura S. 
		and Knowles, L. Lacey},
	year = {2010},
	title = {{Sources of Error Inherent in Species-Tree Estimation: Impact of Mutational and Coalescent Effects on Accuracy and Implications for Choosing among Different Methods}},
	journal = {Systematic Biology},
	volume = {59},
	number = {5},
	pages = {573--583},
	doi = {10.1093/sysbio/syq047}
}

@article{huang2016unforeseen,
	author = {Huang, Huateng 
		and Knowles, L. Lacey},
	year = {2016},
	title = {{Unforeseen Consequences of Excluding Missing Data from Next-Generation Sequences: Simulation Study of RAD Sequences}},
	journal = {Systematic Biology},
	volume = {65},
	number = {3},
	pages = {357--365},
	doi = {10.1093/sysbio/syu046},
}

@article{hudson1983testing,
  author = {Hudson, R. R.},
  year = {1983},
  title = {{Testing the constant-rate neutral allele model with protein sequence data}},
  journal = {Evolution},
  volume = {37},
  number = {1},
  pages = {203--217},
  doi = {},
}

@inproceedings{huson1999solving,
	author = {Huson, Daniel H. 
		and Vawter, Lisa 
		and Warnow, Tandy},
	year = {1999},
 	title = {{Solving Large Scale Phylogenetic Problems Using DCM2}},
 	booktitle = {Proceedings of the Seventh International Conference on Intelligent Systems for Molecular Biology (ISMB)},
	pages = {118--129}
 }

 @book{huson2010phylogenetic,
  author = {Daniel H. Huson 
    and Regula Rupp 
    and Celine Scornavacca},
  year = {2010},
  title = {{Phylogenetic Networks: Concepts, Algorithms and Applications}},
  publisher = {Cambridge University Press},
  address = {Cambridge}
 }

@article{i5K,
    author = {i5K Consortium},
    year = {2013},
    title = {{The i5K Initiative: Advancing Arthropod Genomics for Knowledge, Human Health, Agriculture, and the Environment}},
    journal = {Journal of Heredity},
    volume = {104},
    number = {5},
    pages = {595--600},
    doi = {10.1093/jhered/est050}
}

@article{jacox2016eccetera,
	author = {Jacox, Edwin 
		and Chauve, Cedric 
		and Sz{\"o}ll{\H{o}}si, Gergely J 
		and Ponty, Yann 
		and Scornavacca, Celine},
	year = {2016},
	title = {{ecceTERA: comprehensive gene tree-species tree reconciliation using parsimony}},
	journal = {Bioinformatics},
	volume = {32},
	number = {13},
	pages = {2056--2058},
	doi = {10.1093/bioinformatics/btw105}
}

@article{jarvis2014whole,
	author = {Jarvis, Erich D. 
		and Mirarab, Siavash 
		and Aberer, Andre J. 
		and Li, Bo 
		and Houde, Peter 
		and Li, Cai 
		and Ho, Simon Y. W. 
		and Faircloth, Brant C. 
		and Nabholz, Benoit 
		and Howard, Jason T. 
		and Suh, Alexander 
		and Weber, Claudia C. 
		and da Fonseca, Rute R. 
		and Li, Jianwen 
		and Zhang, Fang 
		and Li, Hui 
		and Zhou, Long 
		and Narula, Nitish 
		and Liu, Liang 
		and Ganapathy, Ganesh 
		and Boussau, Bastien 
		and Bayzid, Md. Shamsuzzoha 
		and Zavidovych, Volodymyr 
		and Subramanian, Sankar 
		and Gabald{\'o}n, Toni 
		and Capella-Guti{\'e}rrez, Salvador 
		and Huerta-Cepas, Jaime 
		and Rekepalli, Bhanu 
		and Munch, Kasper 
		and Schierup, Mikkel 
		and Lindow, Bent 
		and Warren, Wesley C. 
		and Ray, David 
		and Green, Richard E. 
		and Bruford, Michael W. 
		and Zhan, Xiangjiang 
		and Dixon, Andrew 
		and Li, Shengbin 
		and Li, Ning 
		and Huang, Yinhua 
		and Derryberry, Elizabeth P. 
		and Bertelsen, Mads Frost 
		and Sheldon, Frederick H. 
		and Brumfield, Robb T. 
		and Mello, Claudio V. 
		and Lovell, Peter V. 
		and Wirthlin, Morgan 
		and Schneider, Maria Paula Cruz 
		and Prosdocimi, Francisco 
		and Samaniego, Jos{\'e} Alfredo 
		and Velazquez, Amhed Missael Vargas 
		and Alfaro-N{\'u}{\~n}ez, Alonzo 
		and Campos, Paula F. 
		and Petersen, Bent 
		and Sicheritz-Ponten, Thomas 
		and Pas, An and Bailey, Tom 
		and Scofield, Paul 
		and Bunce, Michael 
		and Lambert, David M. 
		and Zhou, Qi 
		and Perelman, Polina 
		and Driskell, Amy C. 
		and Shapiro, Beth 
		and Xiong, Zijun 
		and Zeng, Yongli 
		and Liu, Shiping 
		and Li, Zhenyu 
		and Liu, Binghang 
		and Wu, Kui 
		and Xiao, Jin 
		and Yinqi, Xiong 
		and Zheng, Qiuemei 
		and Zhang, Yong 
		and Yang, Huanming 
		and Wang, Jian 
		and Smeds, Linnea 
		and Rheindt, Frank E. 
		and Braun, Michael 
		and Fjeldsa, Jon 
		and Orlando, Ludovic 
		and Barker, F. Keith 
		and J{\o}nsson, Knud Andreas 
		and Johnson, Warren 
		and Koepfli, Klaus-Peter 
		and O{\textquoteright}Brien, Stephen 
		and Haussler, David 
		and Ryder, Oliver A. 
		and Rahbek, Carsten 
		and Willerslev, Eske 
		and Graves, Gary R. 
		and Glenn, Travis C. 
		and McCormack, John 
		and Burt, Dave 
		and Ellegren, Hans 
		and Alstr{\"o}m, Per 
		and Edwards, Scott V. 
		and Stamatakis, Alexandros 
		and Mindell, David P. 
		and Cracraft, Joel 
		and Braun, Edward L. 
		and Warnow, Tandy 
		and Jun, Wang 
		and Gilbert, M. Thomas P. 
		and Zhang, Guojie},
	year = {2014},
	title = {Whole-genome analyses resolve early branches in the tree of life of modern birds},
	journal = {Science},
	volume = {346},
	number = {6215},
	pages = {1320--1331},
	doi = {10.1126/science.1253451}
}

@article{jermiin2004biasing,
	author = {Lars S Jermiin 
		and Simon YW Ho 
		and Faisal Ababneh 
		and John Robinson
		and Anthony WD Larkum},
	year = {2004},
    title = {{The biasing effect of compositional heterogeneity on phylogenetic estimates may be underestimatedy}},
	journal = {Systematic Biology},
	volume = {53},
	number = {4},
	pages = {638--643},
	doi = {}
}

@article{jewett2012iglass,
	author = {Jewett, E. M. 
		and Rosenberg, N. A.},
	year = {2012},
    title = {{iGLASS: An Improvement to the GLASS Method for Estimating Species Trees from Gene Trees}},
	journal = {Journal of Computational Biology},
	volume = {19},
	number = {3},
	pages = {293--315},
	doi = {10.1089/cmb.2011.0231}
}

@article{jiang2001polynomial,
	author = {Jiang, T. 
		and Kearney, P. 
		and Li, M.},
	year = {2001},
	title = {{A Polynomial Time Approximation Scheme for Inferring Evolutionary Trees from Quartet Topologies and Its Application}},
	journal = {SIAM Journal on Computing},
	volume = {30},
	number = {6},
	pages = {1942--1961},
	doi = {10.1137/S0097539799361683}
}

@article{jiang2014should,
	author = {Wei Jiang 
		and Si-Yun Chen 
		and Hong Wang 
		and De-Zhu Li 
		and John J. Wiens},
	title = {{Should genes with missing data be excluded from phylogenetic analyses?}},
	journal = {Molecular Phylogenetics and Evolution},
	volume = {80},
	number = {Supplement C},
	pages = {308--318},
	year = {2014},
	doi = {10.1016/j.ympev.2014.08.006}
}

@incollection{jukes1969evolution,
	author = {Jukes, Thomas H. 
		and Cantor, Charles R.},
	year = {1969},
	title = {{Evolution of protein molecules}},
	booktitle = {Mammalian Protein Metabolism},
	editor = {H. N. Munro},
	volume = {3},
	pages = {21--132},
	publisher={Academic Press},
	address = {New York, NY, USA}
}

@article{kanetao2017bound,
  author = {Dane Kane and Terence Tao},
  year = {2017},
  title = {{A bound on partitioning clusters}},
  journal = {arXiv},
  page = {1702.00912},
  note = {Available at \url{https://arxiv.org/abs/1702.00912}}
}

@article{kendall1948on,
  author = {Kendall, D. G.},
  year = {1948},
  title = {{On the Generalized ``Birth-and-Death'' Process}},
  journal = {The Annals of Mathematical Statistics},
  volume = {19},
  number = {1},
  pages = {1--15},
  doi = {10.1214/aoms/1177730285}
}

@article{kimura1980simple,
  author = {Kimura, M.},
  year = {1980},
  title = {{A simple method for estimating evolutionary rates of base substitutions through comparative studies of nucleotide sequences}},
  journal = {Journal of Molecular Evolution},
  volume = {16},
  number = {},
  pages = {111-120},
  doi = {10.1007/BF01731581}
}

@article{kingman1982coalescent,
	author = {Kingman, John Frank Charles},
	year = {1982},
	title = {{The coalescent}},
	journal = {Stochastic Processes and their Applications},
	volume = {13},
	number = {3},
	pages = {235--248},
	doi = {10.1016/0304-4149(82)90011-4}
}

@article{kingman1982on,
  author = {Kingman, John Frank Charles},
  year = {1982},
  title = {{On the Genealogy of Large Populations}},
  journal = {Journal of Applied Probability},
  volume = {19},
  number = {1982},
  pages = {27--43},
  doi = {}
}

@article{kinney2014equitability,
	author={Kinney, Justin B 
		and Atwal, Gurinder S},
	year={2014},
	title={{Equitability, mutual information, and the maximal information coefficient}},
	journal={Proceedings of the National Academy of Sciences of the United States of America},
	volume={111},
	number={9},
	pages={3354--3359},
	doi = {10.1073/pnas.1309933111}
}

@article{kozlov2015examl,
	author = {Kozlov, Alexey M 
		and Aberer, Andre J 
		and Stamatakis, Alexandros},
	year = {2015},
	title = {{ExaML version 3: a tool for phylogenomic analyses on supercomputers}},
	journal = {Bioinformatics},
	volume = {31},
	number = {15},
	pages = {2577--2579},
	doi = {10.1093/bioinformatics/btv184}
}

@article{kruskal1956shortest,
	author = {Kruskal, J. B.},
	year = {1956},
	title = {{On the Shortest Spanning Subtree of a Graph and the Traveling Salesman Problem}},
	journal = {Proceedings of the American Mathematical Society},
	volume = {7},
	number = {1},
	pages = {48--50},
	doi = {10.1090/S0002-9939-1956-0078686-7}
}

@article{kubatko2009stem,
	author = {L. S. Kubatko 
		and B. C. Carstens 
		and L. L. Knowles},
	title = {{STEM: species tree estimation using maximum likelihood for gene trees under coalescence}},
	journal = {Bioinformatics},
	volume = {25},
	number = {7},
	pages = {971--973},
	year = {2009},
	doi = {10.1093/bioinformatics/btp079}
}

@article{kubatko2007inconsistency,
	author = {L. S. Kubatko 
		and J. H. Degnan},
	year = {2007},
	title = {{Inconsistency of Phylogenetic Estimates from Concatenated Data under Coalescence}},
	journal = {Systematic Biology},
	volume = {56},
	number = {1},
	pages = {17--24},
	doi = {10.1080/10635150601146041}
}

@article{kuhner2014practical,
    author = {Kuhner, Mary K. and Yamato, Jon},
    year = {2014},
    title = {{Practical Performance of Tree Comparison Metrics}},
    journal = {Systematic Biology},
    volume = {64},
    number = {2},
    pages = {205--214},
    doi = {10.1093/sysbio/syu085}
}

@article{kundu2018impact,
	author = {Kundu, Soumya 
		and Bansal, Mukul S},
	year = {2018},
	title = {{On the impact of uncertain gene tree rooting on duplication-transfer-loss reconciliation}},
	journal = {BMC Bioinformatics},
	volume = {19},
	number = {Suppl 9},
	pages = {290},
	doi = {10.1186/s12859-018-2269-0}
}

@article{kupczok2011split,
	author = {Kupczok, Anne},
	year = {2011},
    title = {{Split-based computation of majority-rule supertrees}},
    journal = {BMC Evolutionary Biology},
    volume = {11},
    pages = {205},
    doi = {10.1186/1471-2148-11-205}
}

@article{lagergren2002combining-dcm,
	author = {J. Lagergren},
  	year = {2002},
	title = {{Combining polynomial running time and fast convergence for the disk-covering method}},
	journal = {Journal of Computer and System Science},
	volume = {65},
	number = {3},
	pages = {481--493},
	doi = {10.1016/S0022-0000(02)00005-3}
}

@article{lai2012inferring,
    author = {Lai, Han 
    	and Stolzer, Maureen 
    	and Durand, Dannie 
    	and Xu, Minli 
    	and Sathaye, Deepa 
    	and Vernot, Benjamin},
    title = {{Inferring duplications, losses, transfers and incomplete lineage sorting with nonbinary species trees}},
    journal = {Bioinformatics},
    volume = {28},
    number = {18},
    pages = {i409--i415},
    year = {2012},
    doi = {10.1093/bioinformatics/bts386}
}

@incollection{lai2017fast,
	author = {Lai, Han 
		and Stolzer, Maureen 
		and Durand, Dannie},
	year = {2017},
	title = {{Fast Heuristics for Resolving Weakly Supported Branches Using Duplication, Transfers, and Losses}},
	booktitle = {Comparative Genomics. RECOMB-CG 2017. Lecture Notes in Computer Science},
	editor = {Meidanis, J. and Nakhleh, L.},
	volume = {10562},
	pages = {298--320},
	publisher = {Springer},
	address = {Cham, Switzerland},
	doi = {10.1007/978-3-319-67979-2_16}
}

@article{lafond2016on,
  author = {Manuel Lafond and Celine Scornavacca},
  year = {2019},
  title = {{On the Weighted Quartet Consensus problem}},
  journal = {Theoretical Computer Science},
  volume = {769},
  pages = {1--17},
  doi = {10.1016/j.tcs.2018.10.005}  
}

@article{lafond2018accurate,
	author = {Lafond, Manuel 
		and Meghdari Miardan, Mona 
		and Sankoff, David},
	year = {2018},
	title = {{Accurate prediction of orthologs in the presence of divergence after duplication}},
	journal = {Bioinformatics},
	volume = {34},
	number = {13},
	pages = {i366--i375},
	doi = {10.1093/bioinformatics/bty242}
}

@article{lanier2014how,
	author = {Hayley C. Lanier 
		and Huateng Huang 
		and L. Lacey Knowles},
	year = {2014},
	title = {{How low can you go? The effects of mutation rate on the accuracy of species-tree estimation}},
	journal = {Molecular Phylogenetics and Evolution},
	volume = {70},
	pages = {112--119},
	doi = {10.1016/j.ympev.2013.09.006}
}

@article{lanier2015applying,
	author = {Hayley C. Lanier 
		and L. Lacey Knowles},
	year = {2015},
	title = {{Applying species-tree analyses to deep phylogenetic histories: Challenges and potential suggested from a survey of empirical phylogenetic studies}},
	journal = {Molecular Phylogenetics and Evolution},
	volume = {83},
	pages = {191--199},
	doi = {10.1016/j.ympev.2014.10.022}
}

@article{leache2010accuracy,
	author = {Leach{\'e}, Adam D 
		and Rannala, Bruce},
	year = {2010},
	title = {{The Accuracy of Species Tree Estimation under Simulation: A Comparison of Methods}},
	journal = {Systematic Biology},
	volume = {60},
	number = {2},
	pages = {126--137},
	doi = {10.1093/sysbio/syq073}
}

@article{leache2015phylogenomics,
	author = {Leach{\'e}, Adam D 
		and Chavez, Andreas S 
		and Jones, Leonard N 
		and Grummer, Jared A 
		and Gottscho, Andrew D 
		and Linkem, Charles W},
	journal = {Genome Biology and Evolution},
	year = {2015},
	title = {{Phylogenomics of Phrynosomatid Lizards: Conflicting Signals from Sequence Capture versus Restriction Site Associated DNA Sequencing}},
	volume = {7},
	number = {3},
	pages = {706--719},
	doi = {10.1093/gbe/evv026}
}

@article{leavitt2016resolving,
	author = {Leavitt, Steven D. 
		and Grewe, Felix 
		and Widhelm, Todd 
		and Muggia, Lucia 
		and Wray, Brian 
		and Lumbsch, H. Thorsten},
	year = {2016},
	title = {{Resolving evolutionary relationships in lichen-forming fungi using diverse phylogenomic datasets and analytical approaches}},
	journal = {Scientific Reports},
	volume = {6},
	pages = {22262},
	doi = {10.1038/srep22262}
}

@article{leebensmack2019one,
	author = {Leebens-Mack, J. H.
		and Barker, M. S.
		and Carpenter, E. J.
		and Deyholos, M. K.
		and Gitzendanner, M. A.
		and Graham, S. W.
		and Grosse, I.
		and Li, Z.
		and Melkonian, M.
		and Mirarab, S.
		and Porsch, M.
		and Quint, M.
		and Rensing, S. A.
		and Soltis, D. E.
		and Soltis, P. S.
		and Stevenson, D. W.
		and Ullrich, K. K.
		and Wickett, N. J.
		and DeGironimo, L.
		and Edger, P. P.
		and Jordon-Thaden, I. E.
		and Joya, S.
		and Liu, T.
		and Melkonian, B.
		and Miles, N. W.
		and Pokorny, L.
		and Quigley, C.
		and Thomas, P.
		and Villarreal, J. C.
		and Augustin, M. M.
		and Barrett, M. D.
		and Baucom, R. S.
		and Beerling, D. J.
		and Benstein, R. M.
		and Biffin, E.
		and Brockington, S. F.
		and Burge, D. O.
		and Burris, J. N.
		and Burris, K. P.
		and Burtet-Sarramegna, V.
		and Caicedo, A. L.
		and Cannon, S. B.
		and Çebi, Z.
		and Chang, Y.
		and Chater, C.
		and Cheeseman, J. M.
		and Chen, T.
		and Clarke, N. D.
		and Clayton, H.
		and Covshoff, S.
		and Crandall-Stotler, B. J.
		and Cross, H.
		and dePamphilis, C. W.
		and Der, J. P.
		and Determann, R.
		and Dickson, R. C.
		and Di Stilio, V. S.
		and Ellis, S.
		and Fast, E.
		and Feja, N.
		and Field, K. J.
		and Filatov, D. A.
		and Finnegan, P. M.
		and Floyd, S. K.
		and Fogliani, B.
		and Garc{\'i}a, N.
		and Gâtebl{\'e}, G.
		and Godden, G. T.
		and Goh, F. (Q. Y.)
		and Greiner, S.
		and Harkess, A.
		and Heaney, J. M.
		and Helliwell, K. E.
		and Heyduk, K.
		and Hibberd, J. M.
		and Hodel, R. G. J.
		and Hollingsworth, P. M.
		and Johnson, M. T. J.
		and Jost, R.
		and Joyce, B.
		and Kapralov, M. V.
		and Kazamia, E.
		and Kellogg, E. A.
		and Koch, M. A.
		and Von Konrat, M.
		and K{\"o}nyves, K.
		and Kutchan, T. M.
		and Lam, V.
		and Larsson, A.
		and Leitch, A. R.
		and Lentz, R.
		and Li, F.-W.
		and Lowe, A. J.
		and Ludwig, M.
		and Manos, P. S.
		and Mavrodiev, E.
		and McCormick, M. K.
		and McKain, M.
		and McLellan, T.
		and McNeal, J. R.
		and Miller, R. E.
		and Nelson, M. N.
		and Peng, Y.
		and Ralph, P.
		and Real, D.
		and Riggins, C. W.
		and Ruhsam, M.
		and Sage, R. F.
		and Sakai, A. K.
		and Scascitella, M.
		and Schilling, E. E.
		and Schlösser, E.-M.
		and Sederoff, H.
		and Servick, S.
		and Sessa, E. B.
		and Shaw, A. J.
		and Shaw, S. W.
		and Sigel, E. M.
		and Skema, C.
		and Smith, A. G.
		and Smithson, A.
		and Stewart, C. N.
		and Stinchcombe, J. R.
		and Sz{\"o}v{\'e}nyi, P.
		and Tate, J. A.
		and Tiebel, H.
		and Trapnell, D.
		and Villegente, M.
		and Wang, C.-N.
		and Weller, S. G.
		and Wenzel, M.
		and Weststrand, S.
		and Westwood, J. H.
		and Whigham, D. F.
		and Wu, S.
		and Wulff, A. S.
		and Yang, Y.
		and Zhu, D.
		and Zhuang, C.
		and Zuidof, J.
		and Chase, M. W.
		and Pires, J. C.
		and Rothfels, C. J.
		and Yu, J.
		and Chen, C.
		and Chen, L.
		and Cheng, S.
		and Li, J.
		and Li, R.
		and Li, X.
		and Lu, H.
		and Ou, Y.
		and Sun, X.
		and Tan, X.
		and Tang, J.
		and Tian, Z.
		and Wang, F.
		and Wang, J.
		and Wei, X.
		and Xu, X.
		and Yan, Z.
		and Yang, F.
		and Zhong, X.
		and Zhou, F.
		and Zhu, Y.
		and Zhang, Y.
		and Ayyampalayam, S.
		and Barkman, T. J.
		and Nguyen, N.
		and Matasci, N.
		and Nelson, D. R.
		and Sayyari, E.
		and Wafula, E. K.
		and Walls, R. L.
		and Warnow, T.
		and An, H.
		and Arrigo, N.
		and Baniaga, A. E.
		and Galuska, S.
		and Jorgensen, S. A.
		and Kidder, T. I.
		and Kong, H.
		and Lu-Irving, P.
		and Marx, H. E.
		and Qi, X.
		and Reardon, C. R.
		and Sutherland, B. L.
		and Tiley, G. P.
		and Welles, S. R.
		and Yu, R.
		and Zhan, S.
		and Gramzow, L.
		and Theißen, G.
		and Wong, G. K.-S.
		and One Thousand Plant Transcriptomes Initiative},
	year = {2019},
	title = {One thousand plant transcriptomes and the phylogenomics of green plants},
	journal = {Nature},
	volume = {574},
	number = {7780},
	pages = {679--685},
	doi = {10.1038/s41586-019-1693-2},
}

@article{lefort2015fastme2,
    author = {Lefort, Vincent 
    	and Desper, Richard 
    	and Gascuel, Olivier},
    year = {2015},
    title = {{FastME 2.0: A Comprehensive, Accurate, and Fast Distance-Based Phylogeny Inference Program}},
    journal = {Molecular Biology and Evolution},
    volume = {32},
    number = {10},
    pages = {2798--2800},
    doi = {10.1093/molbev/msv150}
}

@incollection{legried2020polynomial,
	author = {Legried, Brandon 
		and Molloy, Erin K. 
		and Warnow, Tandy 
		and Roch, S{\'e}bastien},
	year = {2020},
	title = {{Polynomial-Time Statistical Estimation of Species Trees under Gene Duplication and Loss}},
    booktitle = {Research in Computational Molecular Biology. RECOMB 2020. Lecture Notes in Computer Science},
    editor = {R. Schwartz},
    volume = {12074},
    pages = {120--135},
    publisher = {Springer},
    address = {Cham, Switzerland},
    doi = {10.1007/978-3-030-45257-5_8}
}

@article{levine2011i5k,
    author = {Levine, Richard},
    year = {2011},
    title = {{i5k: The 5,000 Insect Genome Project}},
    journal = {American Entomologist},
    volume = {57},
    number = {2},
    pages = {110--113},
    doi = {10.1093/ae/57.2.110}
}

@article {lewin2018earth,
	author = {Lewin, Harris A. 
		and Robinson, Gene E. 
		and Kress, W. John 
		and Baker, William J. 
		and Coddington, Jonathan 
		and Crandall, Keith A. 
		and Durbin, Richard 
		and Edwards, Scott V. 
		and Forest, F{\'e}lix 
		and Gilbert, M. Thomas P. 
		and Goldstein, Melissa M. 
		and Grigoriev, Igor V. 
		and Hackett, Kevin J. 
		and Haussler, David 
		and Jarvis, Erich D. 
		and Johnson, Warren E. 
		and Patrinos, Aristides 
		and Richards, Stephen 
		and Castilla-Rubio, Juan Carlos 
		and van Sluys, Marie-Anne 
		and Soltis, Pamela S. 
		and Xu, Xun 
		and Yang, Huanming 
		and Zhang, Guojie},
	title = {{Earth BioGenome Project: Sequencing life for the future of life}},
	journal = {Proceedings of the National Academy of Sciences of the United States of America},
	volume = {115},
	number = {17},
	pages = {4325--4333},
	year = {2018},
	doi = {10.1073/pnas.1720115115}	
}

@article{linkem2016detecting,
	author = {Linkem, Charles W 
		and Minin, Vladimir N 
		and Leach{\'e}, Adam D},
	year = {2016},
	title = {{Detecting the Anomaly Zone in Species Trees and Evidence for a Misleading Signal in Higher-Level Skink Phylogeny (Squamata: Scincidae)}},
	journal = {Systematic Biology},
	volume = {65},
	number = {3},
	pages = {465--477},
	doi = {10.1093/sysbio/syw001}
}

@article{liu2008best,
	author = {Liu, Liang},
	year = {2008},
	title = {{BEST: Bayesian estimation of species trees under the coalescent model}},
	journal = {Bioinformatics},
	volume = {24},
	number = {21},
	pages = {2542--2543},
	doi = {10.1093/bioinformatics/btn484}
}

@ARTICLE{lin2012metric,
  author = {Yu Lin
    and Vaibhav Rajan
    and Bernard M. E. Moret},
  year = {2012},
  title = {{A Metric for Phylogenetic Trees Based on Matching}},
  journal = {IEEE/ACM Transactions on Computational Biology and Bioinformatics},
  volume = {9},
  number = {4},
  pages = {1014--1022},
  doi = {10.1109/TCBB.2011.157}
}

@ARTICLE{liu2009estimating-star,
 	author = {Liu, Liang 
 		and Yu, Lili 
 		and Pearl, Dennis K 
 		and Edwards, Scott V},
 	year = {2009},
 	title = {{Estimating Species Phylogenies Using Coalescence Times among Sequences}},
 	journal = {Systematic Biology},
 	volume = {58},
	number = {5},
	pages = {468--477},
	doi = {10.1093/sysbio/syp031}
}

@article {liu2009rapid-sate,
	author = {Liu, Kevin 
		and Raghavan, Sindhu 
		and Nelesen, Serita 
		and Linder, C. Randal 
		and Warnow, Tandy},
	title = {{Rapid and Accurate Large-Scale Coestimation of Sequence Alignments and Phylogenetic Trees}},
	journal = {Science},
	volume = {324},
	number = {5934},
	pages = {1561--1564},
	year = {2009},
	doi = {10.1126/science.1171243}
}

@article{liu2010maximum-mpest,
    author = {Liu, Liang 
    	and Yu, Lili 
    	and Edwards, Scott V.},
    year = {2010},
    title = {{A maximum pseudo-likelihood approach for estimating species trees under the coalescent model}},
    journal = {BMC Evolutionary Biology},
    volume = {10},
    pages = {302},
    doi = {10.1186/1471-2148-10-302}
}

@article{liu2011estimating-njst,
    author = {Liu, Liang 
    	and Yu, Lili},
    year = {2011},
    title = {{Estimating Species Trees from Unrooted Gene Trees}},
    journal = {Systematic Biology},
    volume = {60},
    number = {5},
    pages = {661--667},
    doi = {10.1093/sysbio/syr027}
}

@article{liu2011raxml,
	author = {K Liu 
		and C.R. Linder 
		and T Warnow},
	year = {2011},
	title = {{RAxML and FastTree: Comparing Two Methods for Large-Scale Maximum Likelihood Phylogeny Estimation}},
	journal = {PLOS ONE},
	volume = {6},
	number = {11},
	pages = {e27731},
	doi = {10.1371/journal.pone.0027731}
}

@article{liu2012very-sate2,
	author = {Liu, Kevin 
		and Warnow, Tandy J. 
		and Holder, Mark T. 
		and Nelesen, Serita M. 
		and Yu, Jiaye 
		and Stamatakis, Alexandros P. 
		and Linder, C. Randal},
	year = {2012},
	title = {{SAT\'{e}-II: Very Fast and Accurate Simultaneous Estimation of Multiple Sequence Alignments and Phylogenetic Trees}},
	journal = {Systematic Biology},
	volume = {61},
	number = {1},
	pages = {90--106},
	doi = {10.1093/sysbio/syr095}
}

@article{liu2015coalescent,
	author = {Liu, Liang 
		and Wu, Shaoyuan 
		and Yu, Lili},
	year = {2015},
	title = {{Coalescent methods for estimating species trees from phylogenomic data}},
	journal = {Journal of Systematics and Evolution},
	volume = {53},
	number = {5},
	pages = {380--390},
	doi = {10.1111/jse.12160}
}

@article {liu2015estimating,
	author = {Liu, Liang 
		and Xi, Zhenxiang 
		and Wu, Shaoyuan 
		and Davis, Charles C. 
		and Edwards, Scott V.},
	year = {2015},
	title = {{Estimating phylogenetic trees from genome-scale data}},
	journal = {Annals of the New York Academy of Sciences},
	volume = {1360},
	number = {1},
	pages = {36--53},
	doi = {10.1111/nyas.12747}
}

@article {lockhart2005heterotachy,
	author = {Peter Lockhart
    and Phil Novis
    and Brook G Milligan
    and Jamie Riden
    and Andrew Rambaut
     and Tony Larkum},
	year = {2005},
	title = {{Heterotachy and tree building: a case study with plastids and eubacteria}},
	journal = {Molecular Biology and Evolution},
	volume = {23},
	number = {1},
	pages = {40--45},
	doi = {}
}

@article {lopez2002heterotachy,
	author = {Philippe Lopez
    and Didier Casane
    and Herv{\'e} Philippe},
	year = {2002},
	title = {{Heterotachy, an important process of protein evolution}},
	journal = {Molecular Biology and Evolution},
	volume = {19},
	number = {1},
	pages = {1--7},
	doi = {}
}

@article{longo2017phylogenomic,
	author={Longo, Sarah J 
		and Faircloth, Brant C 
		and Meyer, Axel 
		and Westneat, Mark W 
		and Alfaro, Michael E 
		and Wainwright, Peter C},
	year={2017},
	title={{Phylogenomic analysis of a rapid radiation of misfit fishes (Syngnathiformes) using ultraconserved elements}},
	journal={Molecular Phylogenetics and Evolution},
	volume={113},
	pages={33--48},
	doi={10.1016/j.ympev.2017.05.002}
}

@article{maddison1997gene,
	author = {Wayne Maddison},
	year = {1997},
	title = {{Gene Trees in Species Trees}},
	journal = {Systematic Biology},
	volume = {46},
	number = {3},
	pages = {523--536},
	doi = {10.1093/sysbio/46.3.523}
}

@article{mallo2016simphy,
	author = {Mallo, Diego 
		and Martins, Leonardo De Oliveira 
		and Posada, David},
	year = {2016},
    title = {{SimPhy: phylogenomic simulation of gene, locus, and species trees}},
    journal = {Systematic Biology},
    volume = {65},
    number = {2},
    pages = {334--344},
    doi = {10.1093/sysbio/syv082}
}

@article{markin2020quartet,
  author = {Alexey Markin and Oliver Eulenstein},
  year = {2020},
  title = {{Quartet-Based Inference Methods are Statistically Consistent Under the Unified Duplication-Loss-Coalescence Model}},
  journal = {arXiv},
  pages = {2004.04299},
  note = {Available at \url{https://arxiv.org/abs/2004.04299}}
}


@article{mccormack2009maximum,
	author = {McCormack, John E. 
		and Huang, Huateng 
		and Knowles, L. Lacey}, 
	title = {{Maximum Likelihood Estimates of Species Trees: How Accuracy of Phylogenetic Inference Depends upon the Divergence History and Sampling Design}},
	journal = {Systematic Biology},
	volume = {58}, 
	number = {5}, 
	pages = {501--508}, 
	year = {2009}, 
	doi = {10.1093/sysbio/syp045}
}

@article{mccormack2012ultraconserved,
	author = {McCormack, John E and Faircloth, Brant C and Crawford, Nicholas G and Gowaty, Patricia Adair and Brumfield, Robb T and Glenn, Travis C},
	year = {2012},
	title = {{Ultraconserved elements are novel phylogenomic markers that resolve placental mammal phylogeny when combined with species-tree analysis}},
	journal = {Genome Research},
	volume = {22},
	number = {4},
	pages = {746--754},
	doi = {10.1101/gr.125864.111}
}

@article{meiklejohn2016analysis,
    author = {Meiklejohn, Kelly A. 
    	and Braun, Edward L. 
    	and Kimball, Rebecca T. 
    	and Faircloth, Brant C. 
    	and Glenn, Travis C.},
    year = {2016},
    title = {{Analysis of a Rapid Evolutionary Radiation Using Ultraconserved Elements: Evidence for a Bias in Some Multispecies Coalescent Methods}},
    journal = {Systematic Biology},
    volume = {65},
    number = {4},
    pages = {612--627},
    doi = {10.1093/sysbio/syw014},
}

@article{mendes2017why,
    author = {Mendes, Fabio K. and Hahn, Matthew W.},
    year = {2017},
    title = {{Why Concatenation Fails Near the Anomaly Zone}},
    journal = {Systematic Biology},
    volume = {67},
    number = {1},
    pages = {158--169},
    doi = {10.1093/sysbio/syx063}
}

@article{mirarab2014statistical-binning,
	author = {Mirarab, Siavash 
		and Bayzid, Md. Shamsuzzoha 
		and Boussau, Bastien 
		and Warnow, Tandy},
	year = {2014},
	title = {{Statistical binning enables an accurate coalescent-based estimation of the avian tree}},
	journal = {Science},
	volume = {346},
	number = {6215},
	pages = {1250463},
	doi = {10.1126/science.1250463}
}

@article{mirarab2014astral,
    author = {Mirarab, S. and Reaz, R. and Bayzid, Md. S. and Zimmermann, T. and Swenson, M. S. and Warnow, T.},
    title = {{ASTRAL: genome-scale coalescent-based species tree estimation}},
    journal = {Bioinformatics},
    volume = {30},
    number = {17},
    pages = {i541--i548},
    year = {2014},
    doi = {10.1093/bioinformatics/btu462}
}

@article{mirarab2015astral2,
	author = {Mirarab, Siavash 
		and Warnow, Tandy},
	year = {2015},
	title = {{ASTRAL-II: coalescent-based species tree estimation with many hundreds of taxa and thousands of genes}},
	journal = {Bioinformatics},
	volume = {31},
	number = {12},
	pages = {i44--i52},
	doi = {10.1093/bioinformatics/btv234}
}

@article{mirarab2015pasta,
	author = {S. Mirarab 
		and N. Nguyen 
		and S. Guo 
		and L.-S. Wang 
		and J. Kim 
		and T. Warnow},
	year = {2015},
	title = {{PASTA: Ultra-Large Multiple Sequence Alignment for Nucleotide and Amino-Acid Sequences}},
	journal = {Journal of Computational Biology},
	volume = {22},
	number = {5},
	pages = {377--386},
	doi = {10.1089/cmb.2014.0156}
}

@article{mirarab2016evaluating,
	author = {S. Mirarab 
		and Md.~S. Bayzid 
		and T. Warnow},
	year = {2016}, 
	title = {{Evaluating summary methods for multi-locus species tree estimation in the presence of incomplete lineage sorting}},
	journal = {Systematic Biology},
	volume = {65}, 
	number = {3}, 
	pages = {366--380},
	doi = {doi:10.1093/sysbio/syu063},
}

@article{molloy2018include,
	author = {Molloy, Erin K 
		and Warnow, Tandy},
	title = {To Include or Not to Include: The Impact of Gene Filtering on Species Tree Estimation Methods},
	journal = {Systematic Biology},
	volume = {67},
	number = {2},
	pages = {285--303},
	year = {2018},
	doi = {10.1093/sysbio/syx077}
}

@incollection{molloy2018njmerge,
    author = {E. K. Molloy 
    	and T. Warnow},
    year = {2018},
    title = {{NJMerge: A Generic Technique for Scaling Phylogeny Estimation Methods and Its Application to Species Trees}},
    booktitle = {Comparative Genomics. RECOMB-CG 2018. Lecture Notes in Computer Science},
    editor = {M. Blanchette and A. Ouangraoua},
    volume = {11183},
    pages = {260--276},
    publisher = {Springer},
    address = {Cham, Switzerland},
    doi = {10.1007/978-3-030-00834-5_15}
}

@article{molloy2019statistically,
  author = {Molloy, Erin K. 
		and Warnow, Tandy},
  year = {2019},
  title = {{Statistically consistent divide-and-conquer pipelines for phylogeny estimation using NJMerge}},
  journal = {Algorithms for Molecular Biology},
  volume = {14},
  pages = {14},
  doi = {10.1186/s13015-019-0151-x}
}

@article{molloy2019treemerge,
  author = {Molloy, Erin K. 
  	and Warnow, Tandy},
  year = {2019},
  title = {{TreeMerge: a new method for improving the scalability of species tree estimation methods}},
  journal = {Bioinformatics},
  volume = {35},
  number = {14},
  pages = {i417--i426},
  doi = {10.1093/bioinformatics/btz344}
}

@article{molloy2020fastmulrfs,
  author = {Molloy, Erin K. 
    and Warnow, Tandy},
  year = {2020},
  title = {{FastMulRFS: fast and accurate species tree estimation under generic gene duplication and loss models}},
  journal = {Bioinformatics},
  note = {In press. Preprint available on at \url{https://doi.org/10.1101/835553}}
}

@incollection{molloy2020large,
  author = {Molloy, Erin K. 
    and Warnow, Tandy},
  year = {2020},
  title = {{Large-scale Species Tree Estimation}},
  editor = {L. Lacey Knowles and Laura Kubatko},
  booktitle = {{}},
  publisher = {},
  address = {},
  note = {Under revision}
}

@article{moore1973iterative,
  author = {G. W. Moore 
    and M. Goodman
    and J. Barnabas},
  year = {1973},
  title = {{An iterative approach from the standpoint of the additive hypothesis to the dendrogram problem posed by molecular data sets}},
  journal = {Journal of Theoretical Biology},
  volume = {38},
  number = {},
  pages = {423--457},
  doi = {10.1016/0022-5193(73)90251-8}
}

@article{moreira2000molecular,
	author = {Moreira, David 
		and Philippe, Herv{\'e}},
	year = {2000},
	title = {{Molecular phylogeny: pitfalls and progress}},
	journal = {International Microbiology},
	volume = {3},
	number = {1},
	pages = {9--16},
}

@article{muhammad2018species,
	author = {Muhammad, Sayyed Auwn 
		and Sennblad, Bengt 
		and Lagergren, Jens},
	year = {2018},
	title = {{Species tree-aware simultaneous reconstruction of gene and domain evolution}},
	journal = {bioRxiv},
	pages = {336453},
  doi = {10.1101/336453},
	note = {Available at \url{https://dx.doi.org/10.1101/336453}},
	publisher = {Cold Spring Harbor Laboratory}
}

@article{nakhleh2001designing,
  author = {Nakhleh, Luay 
    and Roshan, Usman 
    and St. John, Katherine 
    and Sun, Jerry 
    and Warnow, Tandy},
  year = {2001},
  title = {{Designing fast converging phylogenetic methods}},
  journal = {Bioinformatics},
  volume = {17},
  number = {Suppl 1},
  pages = {S190--S198},
  doi = {10.1093/bioinformatics/17.suppl_1.S190},
}

@inbook{nakhleh2011evolutionary,
  author = {Nakhleh, Luay},
  year = {2011},
  title = {{Evolutionary Phylogenetic Networks: Models and Issues}},
  booktitle = {Problem Solving Handbook in Computational Biology and Bioinformatics},
  editors = {L.S. Heath and N. Ramakrishnan},
  address = {Boston, MA},
  publisher = {Springer},
  pages = {125--158},
  doi = {10.1007/978-0-387-09760-2_7},
}

@article{nakhleh2013comp,
	author = {Luay Nakhleh},
	year = {2013},
    title = {{Computational approaches to species phylogeny inference and gene tree reconciliation}},
    journal = {Trends in Ecology and Evolution},
    volume = {28},
    number = {12},
    pages = {719--728},
    doi = {10.1016/j.tree.2013.09.004}
}

@article{nelesen2012dactal,
	author = {Nelesen, Serita 
		and Liu, Kevin 
		and Wang, Li-San 
		and Linder, C. Randal 
		and Warnow, Tandy},
	year = {2012},
	title = {{DACTAL: divide-and-conquer trees (almost) without alignments}},
	journal = {Bioinformatics},
	volume = {28},
	number = {12},
	pages = {i274--i282},
	doi = {10.1093/bioinformatics/bts218}
}

@article{nee1994reconstructed,
  author = {Sean Nee 
    and Robert Mccredie May
    and Paul H. Harvey},
  year = {1994},
  title = {{The reconstructed evolutionary process}},
  journal = {Philosophical Transactions of the Royal Society of London B},
  volume = {344},
  number = {1309},
  pages = {305--311},
  doi = {10.1098/rstb.1994.0068}
}

@incollection{neyman1971molecular,
	author = {Jerzy Neyman},
	year = {1971},
	title = {{Molecular Studies of Evolution: A Source of Novel Statistical Problems}},
	booktitle = {Statistical Decision Theory and Related Topics},
	editor = {Shanti S. Gupta and James Yackel},
	pages = {1--27},
	doi = {10.1016/B978-0-12-307550-5.50005-8},
	publisher = {Academic Press},
	address={Cambridge, United Kingdom}
}

@article{nguyen2012mrl,
	author = {Nguyen, Nam 
		and Mirarab, Siavash 
		and Warnow, Tandy},
	year = {2012},
	title = {{MRL and SuperFine+MRL: new supertree methods}},
	journal = {Algorithms for Molecular Biology},
	volume = {7},
	pages = {3},
	doi = {10.1186/1748-7188-7-3},
}

@article{nguyen2015iqtree,
  author = {L-T. Nguyen 
    and H.A. Schmidt 
    and A. {von~Haeseler} 
    and B.Q. Minh}, 
    year = {2015},
  title = {{IQ-TREE: a fast and effective stochastic algorithm for estimating maximum-likelihood phylogenies}},
  journal = {Molecular Biology and Evolution},
  volume = {32}, 
  number = {1}, 
  pages = {268--274}, 
  doi = {10.1093/molbev/msu300}
}

@article{nute2018performance,
  author = {Michael Nute
    and Jed Chou
    and Erin K. Molloy
    and Tandy Warnow},
  year = {2018},
  title = {{The performance of coalescent-based species tree estimation methods under models of missing data}},
  journal = {BMC Genomics},
  volume = {19(Suppl 5)},
  pages = {286},
  doi = {10.1186/s12864-018-4619-8},
}


@article{ogilvie2017starbeast2,
	author = {Ogilvie, Huw A. 
		and Bouckaert, Remco R. 
		and Drummond, Alexei J.},
	year = {2017},
	title = {{StarBEAST2 Brings Faster Species Tree Inference and Accurate Estimates of Substitution Rates}},
	journal = {Molecular Biology and Evolution},
	volume = {34},
	number = {8},
	pages = {2101--2114},
	doi = {10.1093/molbev/msx126}
}

@book{ohno1970evol,
	author = {Susumu Ohno},
	year = {1970},
	title = {{Evolution by Gene Duplication}},
	publisher = {Springer-Verlag},
	address = {New York, NY},
}

@article{omeara2009new,
    author = {O'Meara, Brian C.},
    title = {{New Heuristic Methods for Joint Species Delimitation and Species Tree Inference}},
    journal = {Systematic Biology},
    volume = {59},
    number = {1},
    pages = {59-73},
    year = {2009},
    month = {11},
    doi = {10.1093/sysbio/syp077}
}

@article{pamilo1988relationships,
	author = {Pamilo, P 
		and Nei, M},
	year = {1988},
	title = {{Relationships between gene trees and species trees}},
	journal = {Molecular Biology and Evolution},
	volume = {5}, 
	number = {5}, 
	pages = {568--583},
	doi = {10.1093/oxfordjournals.molbev.a040517}
}

@article{patel2013error,
  author = {S. Patel 
    and R. T.  Kimball 
    and E. L.  Braun},
  year = {2013},
  title = {{Error in Phylogenetic Estimation for Bushes in the Tree of Life}},
  journal = {Journal of Phylogenetics and Evolutionary Biology},
  volume = {1},
  pages = {110},
  doi = {10.4172/2329-9002.1000110}
}

@article{posada2002recombination,
  author = {Posada, David 
    and Crandall, Keith A. 
    and Holmes, Edward C.},
  year = {2002},
  title = {{Recombination in evolutionary genomics}},
  journal = {Annual Review of Genetics},
  volume = {36},
  number = {1},
  pages = {75--97},
  doi = {10.1146/annurev.genet.36.040202.111115}
}

@article{posada2001intraspecific,
  author = {David Posada 
    and Keith A. Crandall},
  year = {2001},
  title = {{Intraspecific gene genealogies: trees grafting into networks}},
  journal = {Trends in Ecology and Evolution},
  volume = {16},
  number = {1},
  pages = {37--45},
  doi = {https://doi.org/10.1016/S0169-5347(00)02026-7}
}

@article{perezlosado2015recombination,
  author = {Marcos P{\'e}rez-Losada and Miguel Arenas and Juan Carlos Gal{\'a}n and Ferran Palero and Fernando González-Candelas},
  year = {2015},
  title = {{Recombination in viruses: Mechanisms, methods of study, and evolutionary consequences}},
  journal = {Infection, Genetics and Evolution},
  volume = {30},
  pages = {296--307},
  doi = {10.1016/j.meegid.2014.12.022}
}

@article{price2010fasttree2,
    author = {Price, Morgan N. 
    	and Dehal, Paramvir S. 
    	and Arkin, Adam P.},
    year = {2010},
    title = {{FastTree 2 - Approximately Maximum-Likelihood Trees for Large Alignments}},
    journal = {PLoS ONE},
    volume = {5},
    number = {3},
    pages = {1--10},
    doi = {10.1371/journal.pone.0009490}
}

@article{prum2015comprehensive,
	author = {Prum, Richard O. 
		and Berv, Jacob S. 
		and Dornburg, Alex 
		and Field, Daniel J. 
		and Townsend, Jeffrey P. 
		and Lemmon, Emily Moriarty 
		and Lemmon, Alan R.},
	year = {2015},
	title = {{A comprehensive phylogeny of birds (Aves) using targeted next-generation DNA sequencing}},
	journal = {Nature},
	volume = {526},
	pages = {569--573},
	doi = {10.1038/nature15697}
}

@article{quest2014big,
    author = {{The Quest for Orthologs Consortium} 
    	and Sousa da Silva, Alan W. 
    	and Boeckmann, Brigitte 
    	and Dessimoz, Christophe
    	and Sonnhammer, Erik L.L.
    	and Robinson-Rechavi, Marc
    	and Martin, Maria
    	and Thomas, Paul D.
    	and Gabald {\' o}n, Toni},
    year = {2014},
    title = {{Big data and other challenges in the quest for orthologs}},
    journal = {Bioinformatics},
    volume = {30},
    number = {21},
    pages = {2993--2998},
    doi = {10.1093/bioinformatics/btu492}
}

@article{rabiee2019multi,
	author = {Rabiee, Maryam 
		and Sayyari, Erfan 
		and Mirarab, Siavash},
	year = {2019},
	title = {{Multi-allele species reconstruction using ASTRAL}},
	journal = {Molecular Phylogenetics and Evolution},
	volume = {130},
	pages = {286--296},
	doi = {10.1016/j.ympev.2018.10.033}
}

@article{rabiee2019soda,
	author = {Rabiee, Maryam 
		and Mirarab, Siavash},
	year = {2019},
	title = {{SODA: Multi-Locus Species Delimitation Using Quartet Frequencies}},
	journal = {bioRxiv},
    publisher = {Cold Spring Harbor Laboratory},
    pages = {869396},
    doi = {10.1101/498378},
    note = {Available at \url{https://dx.doi.org/10.1101/869396}}
}

@article{rannala2003bayes,
	author = {Rannala, Bruce 
		and Yang, Ziheng},
	year = {2003},
	title = {{Bayes Estimation of Species Divergence Times and Ancestral Population Sizes Using DNA Sequences From Multiple Loci}},
	journal = {Genetics},
	volume = {164},
	number = {4},
	pages = {1645--1656}
}

@article{rasmussen2012unified,
    author = {M. D. Rasmussen 
    	and M. Kellis},
    year = {2012},
    title = {{Unified modeling of gene duplication, loss, and coalescence using a locus tree}},
    journal = {Genome Research},
    volume = {22},
    number = {4},
    pages = {755--765},
    doi = {10.1101/gr.123901.111},
}

@article{ragan1992phylo-mrp,
	author = {Mark A. Ragan},
	year = {1992},
	title = {{Phylogenetic inference based on matrix representation of trees}},
	journal = {Molecular Phylogenetics and Evolution},
	volume = {1},
	number = {1},
	pages = {53--58},
	doi = {10.1016/1055-7903(92)90035-F}
}

@article{rambaut1997seqgen,
    author = {Rambaut, Andrew 
      and Grass, Nicholas C.},
    year = {1997},
    title = {{Seq-Gen: an application for the Monte Carlo simulation of DNA sequence evolution along phylogenetic trees}},
    journal = {Bioinformatics},
    volume = {13},
    number = {3},
    pages = {235--238},
    doi = {10.1093/bioinformatics/13.3.235},
}

@article{reaz2014accurate,
	author = {Reaz, Rezwana 
		and Bayzid, Md Shamsuzzoha 
		and Rahman, M Sohel},
	year = {2014},
	title = {{Accurate Phylogenetic Tree Reconstruction from Quartets: A Heuristic Approach}},
	journal = {PLoS ONE},
	volume = {9},
	number = {8},
	pages = {e104008},
	doi = {10.1371/journal.pone.0104008}
}

@article{redelings2017supertree,
  author = {Redelings B. D. and Holder M. T.},
  year = {2017},
  title = {{A supertree pipeline for summarizing phylogenetic and taxonomic information for millions of species}},
  journal = {PeerJ},
  volume = {5},
  number = {},
  pages = {e3058},
  doi = {10.7717/peerj.3058}
}

@article{rhodes2020njst,
  author = {John A. Rhodes
    and Michael G. Nute
    and Tandy Warnow},
  year = {2020},
  title = {{NJst and ASTRID are not statistically consistent under a random model of missing data}},
  journal = {arXiv},
  pages = {2001.07844},
  note = {Available at \url{https://arxiv.org/abs/2001.07844}}
}

@article{robinson1971comparison,
  author={Robinson, David F},
  year={1971},
  title = {{Comparison of labeled trees with valency three}},
  journal = {Journal of Combinatorial Theory, Series B},
  volume = {11},
  number = {2},
  pages = {105--119},
  doi = {10.1016/0095-8956(71)90020-7}
}

@article{robinson1981comparison,
  author = {Robinson, David F 
    and Foulds, Leslie R},
  year = {1981},
  title = {{Comparison of Phylogenetic Trees}},
  journal = {Mathematical Biosciences},
  volume = {53},
  number = {1-2},
  pages = {131--147},
  doi = {10.1016/0025-5564(81)90043-2}
}

@article{roch2006short,
	author = {S. Roch},
	year = {2006},
	title = {A short proof that phylogenetic tree reconstruction by maximum likelihood is hard},
	journal = {IEEE/ACM Transactions on Computational Biology and Bioinformatics},
	number = {1},
	volume = {3},
	pages = {92--94},
	doi = {10.1109/TCBB.2006.4}
}

@article{roch2013recovering,
	author={Roch, Sebastien 
		and Snir, Sagi},
	year = {2013},
	title={{Recovering the Tree-Like Trend of Evolution Despite Extensive Lateral Genetic Transfer: A Probabilistic Analysis}},
	journal = {Journal of Computational Biology},
	volume = {20},
	number = {2},
	pages = {93--112},
	doi = {10.1089/cmb.2012.0234}
}

@article{roch2015robustness,
	author = {Roch, Sebastien 
		and Warnow, Tandy}, 
	title = {{On the Robustness to Gene Tree Estimation Error (or lack thereof) of Coalescent-Based Species Tree Methods}},
	journal = {Systematic Biology},
	volume = {64},
	number = {4},
	pages = {663--676},
	year = {2015}, 
	doi = {10.1093/sysbio/syv016}
}

@article{roch2015likelihood,
	author = {Sebastien Roch 
		and Mike Steel},
	year = {2015},
	title = {{Likelihood-based tree reconstruction on a concatenation of aligned sequence data sets can be statistically inconsistent}},
	journal = {Theoretical Population Biology},
	volume = {100},
	pages = {56--62},
	doi = {10.1016/j.tpb.2014.12.005}
}

@article {roch2018long,
	author = {Roch, Sebastien 
		and Nute, Michael 
		and Warnow, Tandy},
	year = {2018},
	title = {{Long-Branch Attraction in Species Tree Estimation: Inconsistency of Partitioned Likelihood and Topology-Based Summary Methods}},
	journal = {Systematic Biology},
	volume={68},
    number={2},
	pages={281--297},
	doi = {10.1093/sysbio/syy061}
}

@article{ronquist2003mrbayes,
	author = {Ronquist, Fredrik 
		and Huelsenbeck, John P},
	year = {2003},
	title = {{MrBayes 3: Bayesian phylogenetic inference under mixed models}},
	journal = {Bioinformatics},
	volume = {19},
	number = {12},
	pages = {1572--1574},
	doi = {10.1093/bioinformatics/btg180}
}

@article{rosenberg2002probability,
  author = {Rosenberg, N. A.},
  year = {2002},
  title = {{The probability of topological concordance of gene trees and species trees}},
  journal = {Theoretical Population Biology},
  volume = {61},
  number = {2},
  pages = {225-247},
  doi = {10.1006/tpbi.2001.1568}
}

@article{saitou1987neighbor,
	author = {Saitou, N 
		and Nei, M},
	year = {1987},
	title = {{The neighbor-joining method: a new method for reconstructing phylogenetic trees}},
	journal = {Molecular Biology and Evolution},
	volume = {4},
	number = {4},
	pages = {406--425},
	doi = {10.1093/oxfordjournals.molbev.a040454}
}

@article{salichos2013inferring,
	author = {Salichos, Leonidas and Rokas, Antonis},
	year = {2013},
	title = {{Inferring ancient divergences requires genes with strong phylogenetic signals}},
	journal = {Nature},
	volume = {497},
	number = {7449},
	pages = {327--331},
	doi = {10.1038/nature12130}
}

@article{salichos2014novel,
	author = {Salichos, Leonidas and Stamatakis, Alexandros and Rokas, Antonis},
	year = {2014},
	title = {{Novel Information Theory-Based Measures for Quantifying Incongruence among Phylogenetic Trees}},
	journal = {Molecular Biology and Evolution},
	volume = {31},
	number = {5},
	pages = {1261--1271},
	doi = {10.1093/molbev/msu061}
}

@article{sanderson2007inferring,
	author = {Sanderson, Michael J 
		and McMahon, Michelle M},
	year = {2007},
	title = {{Inferring angiosperm phylogeny from EST data with widespread gene duplication}},
	journal = {BMC Evolutionary Biology},
	volume = {7},
	number = {Suppl 1},
	pages = {S3},
	doi = {10.1186/1471-2148-7-S1-S3}
}

@article {sanderson2011terraces,
  author = {Sanderson, Michael J. 
    and McMahon, Michelle M. 
    and Steel, Mike},
  year = {2011},
  title = {{Terraces in Phylogenetic Tree Space}},
  journal = {Science},
  volume = {333},
  number = {6041},
  pages = {448--450},
  doi = {10.1126/science.1206357}
}

@article{sayyari2016fast,
	author = {Sayyari, Erfan 
		and Mirarab, Siavash}, 
	year = {2016},
	title = {{Fast Coalescent-Based Computation of Local Branch Support from Quartet Frequencies}},
	journal = {Molecular Biology and Evolution},
	volume = {33},
	number = {7},
	pages = {1654--1668},
	doi = {10.1093/molbev/msw079}
}

@article{scannell2006multiple,
    author = {Scannell, Devin R.
    	and Byrne, Kevin P.
    	and Gordon, Jonathan L.
    	and Wong, Simon
    	and Wolfe, Kenneth H.},
    year = {2006},
    title = {{Multiple rounds of speciation associated with reciprocal gene loss in polyploid yeasts}},
    journal = {Nature},
    volume = {440},
    number = {7082},
    pages = {341--345},
    doi = {10.1038/nature04562}
}

@book{semple2003phylogenetics,
  author = {Charles Semple 
    and Mike Steel},
  year = {2003},
  title = {{Phylogenetics}},
  series = {Oxford Lecture Series in Mathematics and Its Applications},
  volume = {24},
  publisher = {Cambridge University Press},
  address = {Cambridge, United Kingdom}
}

@article{simmons2016effects,
	author = {Mark P. Simmons 
		and Daniel B. Sloan 
		and John Gatesy},
	year = {2016},
	title = {{The effects of subsampling gene trees on coalescent methods applied to ancient divergences}},
	journal = {Molecular Phylogenetics and Evolution},
	volume = {97},
	pages = {76--89},
	doi = {10.1016/j.ympev.2015.12.013}
}

@article{shekhar2018species,
	author = {Shekhar, Shubhanshu 
		and Roch, Sebastien 
		and Mirarab, Siavash},
	year = {2018},
	title = {{Species tree estimation using ASTRAL: how many genes are enough?}},
	journal = {IEEE/ACM Transactions on Computational Biology and Bioinformatics (TCBB)},
	volume = {15},
	number = {5},
	pages = {1738--1747},
	doi = {10.1109/TCBB.2017.2757930}
}

@article{snir2012quartet,
	author = {Sagi Snir 
		and Satish Rao},
	year = {2012},
	title = {{Quartet MaxCut: A fast algorithm for amalgamating quartet trees}},
	journal = {Molecular Phylogenetics and Evolution},
	volume = {62},
	number = {1},
	pages = {1--8},
	doi = {10.1016/j.ympev.2011.06.021}
}

@article{solis2015bayesian,
	author = {Sol{\'i}s‐Lemus, C. 
		and Knowles, L.L. 
		and An{\'e}, C. },
	year = {2015},
	title = {{Bayesian species delimitation combining multiple genes and traits in a unified framework}},
	journal = {Evolution},
	volume = {69},
	number = {},
	pages = {492--507},
	doi = {10.1111/evo.12582}
}

@article{solis2016inconsistency,
	author = {Sol{\'\i}s-Lemus, Claudia 
		and Yang, Mengyao 
		and An{\'e}, C{\'e}cile},
	year = {2016},
	title = {{Inconsistency of Species Tree Methods under Gene Flow}},
	journal = {Systematic Biology},
	volume = {65},
	number = {5},
	pages = {843--851},
	doi = {10.1093/sysbio/syw030}
}

@article{solis2016inferring,
	author = {Sol{\'\i}s-Lemus, Claudia 
		and An{\'e}, C{\'e}cile},
	year = {2016},
	title = {{Inferring Phylogenetic Networks with Maximum Pseudolikelihood under Incomplete Lineage Sorting}},
	journal = {PLoS Genetics},
	volume = {12},
	number = {3},
	pages = {e1005896},
	doi = {10.1371/journal.pgen.1005896}
}

@article{springer2016gene,
	author = {Mark S. Springer 
    and John Gatesy},
	year = {2016},
	title = {{The gene tree delusion}},
	journal = {Molecular Phylogenetics and Evolution},
	volume = {94, Part A},
	pages = {1--33},
	doi = {10.1016/j.ympev.2015.07.018}
}

@article{stamatakis2014raxml8,
    author = {Stamatakis, Alexandros}, 
    year = {2014}, 
    title = {{RAxML Version 8: A tool for Phylogenetic Analysis and Post-Analysis of Large Phylogenies}},
    journal = {Bioinformatics},
    volume = {30},
    number = {9},
    pages = {1312--1313},
    doi = {10.1093/bioinformatics/btu033}
}

@inproceedings{stamatakis2013novel-examl,
	author = {A. Stamatakis 
		and A. J. Aberer},
	year = {2013},
	title = {{Novel Parallelization Schemes for Large-Scale Likelihood-based Phylogenetic Inference}}, 
	booktitle = {Proceedings of the 27th International Symposium on Parallel and Distributed Processing (IPDPS)}, 
	pages = {1195--1204}, 
	doi = {10.1109/IPDPS.2013.70}, 
}

@article{stolzer2015event,
	author={Stolzer, Maureen 
		and Siewert, Katherine 
		and Lai, Han 
		and Xu, Minli 
		and Durand, Dannie},
	year={2015},
 	title={{Event inference in multidomain families with phylogenetic reconciliation}},
	journal={BMC Bioinformatics},
	volume={16},
	number={Suppl 14},
	pages={S8},
	doi={10.1186/1471-2105-16-S14-S8}
}

@article{streicher2016how,
	author = {Streicher, Jeffrey W. 
		and Schulte, James A. 
		and Wiens, John J.},
	year = {2016}, 
	title = {{How Should Genes and Taxa be Sampled for Phylogenomic Analyses with Missing Data? An Empirical Study in Iguanian Lizards}},
	journal = {Systematic Biology},
	volume = {65}, 
	number = {1}, 
	pages = {128--145},
	doi = {10.1093/sysbio/syv058}
}

@article{streicher2016phylogenomic,
	author={Streicher, Jeffrey W 
		and Wiens, John J},
	year={2016},
	title={{Phylogenomic analyses reveal novel relationships among snake families}},
	journal={Molecular Phylogenetics and Evolution},
	volume={100},
	pages={160--169},
	doi = {10.1016/j.ympev.2016.04.015}
}

@article{sukumaran2010dendropy,
	author = {Sukumaran, Jeet 
		and Holder, Mark T},
	year = {2010},
	title = {{DendroPy: a Python library for phylogenetic computing}},
	journal = {Bioinformatics},
	volume = {26},
	number = {12},
	pages = {1569--1571},
	doi = {10.1093/bioinformatics/btq228}
}

@article{susko2009bootstrap,
	author = {Susko, Edward},
	year = {2009},
	title = {{Bootstrap Support Is Not First-Order Correct}},
	journal = {Systematic Biology},
	volume = {58},
	number = {2},
	pages = {211--223},
	doi = {10.1093/sysbio/syp016}
}

@article{susko2012probability,
	author = {Susko, Edward 
		and Roger, Andrew J.},
	year = {2012},
	title = {{The Probability of Correctly Resolving a Split as an Experimental Design Criterion in Phylogenetics}},
	journal = {Systematic Biology},
	volume = {61},
	number = {5},
	pages = {811--821},
	doi = {10.1093/sysbio/sys033}
}

@article{swenson2011experimental,
	author = {Swenson, M. Shel 
		and Suri, Rahul 
		and Linder, C. Randal 
		and Warnow, Tandy},
	year = {2011},
	title = {{An experimental study of Quartets MaxCut and other supertree methods}},
	journal = {Algorithms for Molecular Biology},
	volume = {6},
	pages = {7},
	doi = {10.1186/1748-7188-6-7}
}

@article{swenson2012superfine,
	author = {M.S. Swenson 
		and R. Suri 
		and C. R. Linder
		and T. Warnow},
	title = {{SuperFine: fast and accurate supertree estimation}},
	journal = {Systematic Biology},
	year = {2012},
	volume = {61}, 
	number = {2}, 
	pages = {214--227},
}


@book{swofford1996phylogenetic,
  author = {D. L. Swofford 
    and G. J. Olson
    and P. J. Waddell
    and D. M. Hillis},
  year = {1996},
  title = {{Phylogenetic Inference}},
  publisher = {Sinauer Associates},
  address = {Sunderland, MA},
  edition = {2}
}

@electronic{swofford-paup,
	author = {Swofford, D. L.},
  title = {{PAUP* (*Phylogenetic Analysis Using PAUP)}},
  url = {http://phylosolutions.com/paup-test/}
} 

@article{song2012resolving,
	author = {Song, Sen 
		and Liu, Liang 
		and Edwards, Scott V 
		and Wu, Shaoyuan},
	year = {2012},
	title = {Resolving conflict in eutherian mammal phylogeny using phylogenomics and the multispecies coalescent model},
	journal = {Proceedings of the National Academy of Sciences of the United States of America},
	volume = {109},
	number = {37},
	pages = {14942--14947},
	doi = {10.1073/pnas.1211733109}
}

@article{steel1992complexity,
  author = {Steel, Michael},
	year = {1992},
	title = {{The complexity of reconstructing trees from qualitative characters and subtrees}},
	journal = {Journal of Classification},
  volume = {9},
  number = {1},
  pages = {91--116},
	doi = {10.1007/BF02618470}
}

@article {steel1994recovering,
	author = {Steel, M. A.},
	year = {1994},
	title = {{Recovering a tree from the leaf colourations it generates under a Markov model}},
	journal = {Applied Mathematics Letters},
	volume = {7},
	number = {2},
	pages = {19--24},
	doi = {10.1016/0893-9659(94)90024-8}
}

@article{steel1994recovering2,
  author = "M. Steel",
  title = {{Recovering a tree from the leaf colourations it generates under a Markov model}},
  journal = "Applied Mathematics Letters",
  volume = "7",
  number = "2",
  pages = "19--23",
  year = "1994",
  doi = "10.1016/0893-9659(94)90024-8"
}

@article{steel2002inverting,
	author={Steel, Michael A and Sz{\'e}kely, L{\'a}szl{\'o} A},
	year={2002},
	title={{Inverting Random Functions II: Explicit Bounds for Discrete Maximum Likelihood Estimation, with Applications}},
	journal={SIAM Journal of Discrete Mathematics},
	volume={15},
	number={4},
	pages={562--575},
	doi = {10.1137/S089548010138790X}
}

@article{strimmer1996quartet,
    author = {Strimmer, K and von Haeseler, A},
    year = {1996},
    title = {{Quartet Puzzling: A Quartet Maximum-Likelihood Method for Reconstructing Tree Topologies}},
    journal = {Molecular Biology and Evolution},
    volume = {13},
    number = {7},
    pages = {964--964},
    doi = {10.1093/oxfordjournals.molbev.a025664}
}

@article{syvanen1985cross,
	author = {Michael Syvanen},
	year = {1985},
	title = {{Cross-species gene transfer; implications for a new theory of evolution}},
	journal = {Journal of Theoretical Biology},
	volume = {112},
	pages = {333--343},
	doi = {10.1016/S0022-5193(85)80291-5}
}

@article{takahata1989gene-msd,
	author = {N. Takahata},
	year = {1989},
	title = {{Gene genealogy in three related populations: consistency probability between gene and population trees}},
	journal = {Genetics},
	volume = {122},
	number = {4},
	pages={967--966},
}

@article{tajima1983evolutionary,
  author = {Tajima, F.},
  year = {1983},
  title = {{Evolutionary relationship of DNA sequences in finite populations}},
  journal = {Genetics},
  volume = {105},
  number = {2},
  pages={437--460},
}

@article{tataru2016statistical,
    author = {Tataru, Paula and Simonsen, Maria and Bataillon, Thomas and Hobolth, Asger},
    year = {2016},
    title = {{Statistical Inference in the Wright–Fisher Model Using Allele Frequency Data}},
    journal = {Systematic Biology},
    volume = {66},
    number = {1},
    pages = {e30--e46},
    issn = {1063-5157},
    doi = {10.1093/sysbio/syw056},
}

@article{tavare1984line,
  author={Tavar{\'e}, Simon},
    year={1984},
    title={{Line-of-descent and genealogical processes, and their applications in population genetics models}},
    journal={Theoretical Population Biology},
    volume={26},
    number={},
    pages={119--164} 
}

@article{tavare1986some,
    author={Tavar{\'e}, Simon},
    year={1986},
    title={{Some probabilistic and statistical problems in the analysis of {DNA} sequences}},
    journal={Lectures on mathematics in the life sciences},
    volume={17},
    number={2},
    pages={57--86}
}

@incollection{thien2019using,
  author={Le, T. 
  		and Sy, A. 
  		and Molloy, E. K. 
  		and Zhang, Q. 
  		and Rao, S. 
  		and Warnow, T.},
  	year = {2018},
  	title = {{Using INC Within Divide-and-Conquer Phylogeny Estimation}},
    booktitle = {Algorithms for Computational Biology. AlCoB 2019. Lecture Notes in Computer Science},
    editor = {Holmes, I. and Mart\'{i}n-Vide, C. and Vega-Rodr\'{i}guez, M},
    volume = {11488},
    pages = {167--178},
    publisher = {Springer},
    address = {Cham, Switzerland},
    doi = {10.1007/978-3-030-18174-1_12}   
}

@article{tofigh2011simultaneous,
	author={Tofigh, Ali 
		and Hallett, Michael 
		and Lagergren, Jens},
	year={2011},
	title={Simultaneous identification of duplications and lateral gene transfers},
	journal={IEEE/ACM Transactions on Computational Biology and Bioinformatics},
	volume={8},
	number={2},
	pages={517--535},
	doi = {10.1109/TCBB.2010.14}
}

@article{townsend2011taxon,
	author = {Townsend, Jeffrey P. 
		and Leuenberger, Christoph},
	year = {2011},
	title = {{Taxon Sampling and the Optimal Rates of Evolution for Phylogenetic Inference}},
	journal = {Systematic Biology},
	volume = {60},
	number = {3},
	pages = {358--365},
	doi = {10.1093/sysbio/syq097}
}

@article{townsend2012phylogenetic,
	author = {Townsend, Jeffrey P. 
		and Su, Zhuo 
		and Tekle, Yonas I.},
	year = {2012},
	title = {{Phylogenetic Signal and Noise: Predicting the Power of a Data Set to Resolve Phylogeny}},
	journal = {Systematic Biology},
	volume = {61},
	number = {5},
	pages = {835--849},
	doi = {10.1093/sysbio/sys036}
}

@article{truszkowski2016maximum,
	author = {Truszkowski, Jakub 
		and Goldman, Nick},
	year = {2016},
	title = {{Maximum Likelihood Phylogenetic Inference is Consistent on Multiple Sequence Alignments, with or without Gaps}},
	journal = {Systematic Biology},
	volume = {65},
	number = {2},
	pages = {328--333},
	doi = {10.1093/sysbio/syv089}
}

@article{tuffley1997links,
	author = {Tuffley, Chris and Steel, Mike},
	year = {1997},
	title = {{Links between maximum likelihood and maximum parsimony under a simple model of site substitution}},
	journal = {Bulletin of Mathematical Biology},
	volume = {59},
	number = {3},
	pages = {581--607},
	doi = {10.1007/BF02459467}
}

@article{ullah2015species-mixtrem,
    author = {Ullah, Ikram 
    	and Parviainen, Pekka 
    	and Lagergren, Jens},
    year = {2015},
    title = {{Species Tree Inference Using a Mixture Model}},
    journal = {Molecular Biology and Evolution},
    volume = {32},
    number = {9},
    pages = {2469--2482},
    doi = {10.1093/molbev/msv115}
}

@article{vachaspati2015fastrfs,
    author = {Vachaspati, Pranjal and Warnow, Tandy},
    title = {{FastRFS: fast and accurate Robinson-Foulds Supertrees using constrained exact optimization}},
    journal = {Bioinformatics},
    volume = {33},
    number = {5},
    pages = {631--639},
    year = {2016},
    doi = {10.1093/bioinformatics/btw600}
}

@article{vachaspati2015astrid,
    title={{ASTRID: Accurate Species Trees from Internode Distances}},
    author={Vachaspati, Pranjal and Warnow, Tandy},
    journal={BMC Genomics},
    volume={16},
    number={Suppl 10},
    pages={S3},
    year={2015},
    publisher="{BioMed Central}", 
    doi={10.1186/1471-2164-16-S10-S3}
}

@electronic{astrid-github,
  title = {{ASTRID}},
  url = {https://github.com/pranjalv123/astrid},
  year = {2020},
  month = {January}
}

@incollection{vachaspati2017enhancing,
    author = {Vachaspati P. and Warnow T.},
    year = {2017},
    title = {{Enhancing Searches for Optimal Trees Using SIESTA}},
    booktitle = {Comparative Genomics. RECOMB-CG 2017. Lecture Notes in Computer Science},
    volume = {10562},
    pages = {232--255},
    editor = {Meidanis, J. and Nakhleh, L.},
    publisher = {Springer},
    address = {Cham, Switzerland},
    doi = {10.1007/978-3-319-67979-2_13}
}


@article{vachaspati2018svdquest,
	author = {Pranjal Vachaspati and Tandy Warnow},
	year = {2018},
	title = {{SVDquest: Improving SVDquartets species tree estimation using exact optimization within a constrained search space}},
	journal = {Molecular Phylogenetics and Evolution},
	volume = {124},
	pages = {122--136},
	doi = {10.1016/j.ympev.2018.03.006},
}

@article{vernot2008reconciliation,
	author={Vernot, Benjamin 
		and Stolzer, Maureen 
		and Goldman, Aiton 
		and Durand, Dannie},
	year = {2008},
	title = {{Reconciliation with non-binary species trees}},
	journal = {Journal of computational biology},
	volume = {15},
	number = {8},
	pages = {981--1006},
	doi = {10.1089/cmb.2008.0092}
}

@electronic{vgp,
	title = {Vertebrate Genomes Project},
	url = {https://vertebrategenomesproject.org/},
	year = {2020},
	month = {February},
	day = {12}
}

@book{wakley2009coalescent,
  author = {Wakeley, J.},
  title = {{Coalescent Theory: An Introduction}},
  year = {2009},
  publisher = {Roberts \& Company Publishers},
  address = {Greenwood Village, CO}
}

@article{wang2006distance,
  author = {L.-S. Wang 
    and T. Warnow 
    and B. M. E. Moret 
    and R. K. Jansen 
    and L. A. Raubeson},
    year = 2006,
  title = {Distance-based Genome Rearrangement Phylogeny},
  journal = {Journal of Molecular Evolution},
  volume = {63},
  number = {4},
  pages = {473--483}
}

@article{wang2020practical,
    author = {Wang, Yaxuan and Ogilvie, Huw A and Nakhleh, Luay},
    title = {{Practical Speedup of Bayesian Inference of Species Phylogenies by Restricting the Space of Gene Trees}},
    journal = {Molecular Biology and Evolution},
    year = {2020},
    doi = {10.1093/molbev/msaa045},
    note = {msaa045},
    eprint = {https://academic.oup.com/mbe/advance-article-pdf/doi/10.1093/molbev/msaa045/32958081/msaa045.pdf},
}

@article{warnow1994tree,
	author = {T. J. Warnow},
	year = {1994},
	title = {{Tree Compatibility and Inferring Evolutionary History}},
	journal = {Journal of Algorithms},
	volume = {16},
	number = {3},
	pages = {388--407},
	doi = {10.1006/jagm.1994.1018}
}

@inproceedings{warnow2001absolute,
	author = {Warnow, Tandy 
		and Moret, Bernard M. E. 
		and St.~John, Katherine},
	year = {2001},
	title = {Absolute Convergence: True Trees from Short Sequences},
 	booktitle = {Proceedings of the 12th Annual ACM-SIAM Symposium on Discrete Algorithms (SODA)},
	pages = {186--195},
} 

@book{warnow2017computational,
	author = {T. Warnow},
	title = {{Computational Phylogenetics: An Introduction to Designing Methods for Phylogeny Estimation}},
	year = {2017},
	publisher = {Cambridge University Press},
	address = {Cambridge, United Kingdom}
}

@article{warnow2018supertree,
   author = {Warnow, T.},
    year = {2018},
    title = {{Supertree Construction: Opportunities and Challenges}},
	journal = {arXiv},
	pages = {1805.03530},
	note = {Available at \url{https://arxiv.org/abs/1805.03530}}
}

@article {wascher2015consistency,
  author = {Wascher, Matthew and Kubatko, Laura},
  year = {2019},
  title = {{Consistency of SVDQuartets and Maximum Likelihood for Coalescent-based Species Tree Estimation}},
  journal = {bioRxiv},
  publisher = {Cold Spring Harbor Laboratory},
  elocation-id = {523050},
  doi = {10.1101/523050},
  note = {Available at \url{https://dx.doi.org/10.1101/523050}}
}

@article{wehe2008duptree,
	author = {Wehe, Andr{\'e} and Bansal, Mukul S and Burleigh, J Gordon and Eulenstein, Oliver},
	year = {2008},
    title = {{DupTree: a program for large-scale phylogenetic analyses using gene tree parsimony}},
    journal = {Bioinformatics},
    volume = {24},
    number = {13},
    pages = {1540--1541},
    doi = {10.1093/bioinformatics/btn230}
}

@article{wen2016bayesian,
	author = {Wen, Dingqiao 
		and Yu, Yun 
		and Nakhleh, Luay},
	year = {2016},
	title = {{Bayesian Inference of Reticulate Phylogenies under the Multispecies Network Coalescent}},
	journal = {PLoS Genetics},
	volume = {12},
	number = {5},
	pages = {e1006006},
	doi = {10.1371/journal.pgen.1006006}
}

@article{wiens2007species,
    author = {Wiens, John J.},
    title = {{Species Delimitation: New Approaches for Discovering Diversity}},
    journal = {Systematic Biology},
    volume = {56},
    number = {6},
    pages = {875--878},
    year = {2007},
    issn = {1063-5157},
    doi = {10.1080/10635150701748506}
}

@article{wiens2011missing,
	author = {Wiens, John J. 
		and Morrill, Matthew C.},
	year = {2011},
	title = {{Missing Data in Phylogenetic Analysis: Reconciling Results from Simulations and Empirical Data}},
	journal = {Systematic Biology},
	volume = {60},
	number = {5},
	pages = {719--731},
	doi = {10.1093/sysbio/syr025}
}

@article{wickett2014phylo,
	author = {N. J. Wickett
		and S. Mirarab
		and N. Nguyen
		and T. Warnow
		and E. Carpenter
		and N. Matasci
		and S. Ayyampalayam
		and M. S. Barker
		and J. G. Burleigh
		and M. A. Gitzendanner
		and B. R. Ruhfel
		and E. Wafula
		and J. P. Der
		and S. W. Graham
		and S. Mathews
		and M. Melkonian
		and D. E. Soltis
		and P. S. Soltis
		and N. W. Miles
		and C. J. Rothfels
		and L. Pokorny
		and A. Jonathan Shaw
		and L. DeGironimo
		and D. W. Stevenson
		and B. Surek
		and J. C. Villarreal
		and B. Roure
		and H. Philippe
		and C. W. dePamphilis
		and T. Chen
		and M. K. Deyholos
		and R. S. Baucom
		and T. M. Kutchan
		and M. M. Augustin
		and J. Wang
		and Y. Zhang
		and Z. Tian
		and Z. Yan
		and X. Wu
		and X. Sun
		and G. K.-S. Wong
		and J. Leebens-Mack},
	year = {2014}, 
	title = {{Phylotranscriptomic analysis of the origin and early diversification of land plants}},
	journal = {Proceedings of the National Academy of Sciences of the United States of America},
	volume = {111}, 
	number = {45}, 
	pages = {E4859--E4868}, 
	doi = {10.1073/pnas.1323926111}
}

@article{wilkinson2005shape,
    author = {Wilkinson, Mark 
      and Cotton, James A. 
      and Creevey, Chris 
      and Eulenstein, Oliver 
      and Harris, Simon R. 
      and Lapointe, Francois-Joseph 
      and Levasseur, Claudine 
      and Mcinerney, James O. 
      and Pisani, Davide 
      and Thorley, Joseph L.},
    title = {{The Shape of Supertrees to Come: Tree Shape Related Properties of Fourteen Supertree Methods}},
    journal = {Systematic Biology},
    volume = {54},
    number = {3},
    pages = {419--431},
    year = {2005},
    doi = {10.1080/10635150590949832}
}

@article{xi2015genes,
	author = {Zhenxiang Xi and Liang Liu and Charles C. Davis},
	year = {2015},
	title = {{Genes with minimal phylogenetic information are problematic for coalescent analyses when gene tree estimation is biased}},
	journal = {Molecular Phylogenetics and Evolution},
	volume = {92},
	pages = {63--71},
	doi = {10.1016/j.ympev.2015.06.009}
}

@article{xi2016impact,
	author = {Xi, Zhenxiang and Liu, Liang and Davis, Charles C.},
	year = {2016},  
	title = {{The Impact of Missing Data on Species Tree Estimation}},
	journal = {Molecular Biology and Evolution},
	volume = {33}, 
	number = {3}, 
	pages = {838--860},
	doi = {10.1093/molbev/msv266}
}

@article {xu2016challenges,
	author = {Xu, Bo 
  		and Yang, Ziheng},
  	year = {2016},
	title = {{Challenges in Species Tree Estimation Under the Multispecies Coalescent Model}},
	journal = {Genetics},
	volume = {204},
	number = {4},
	pages = {1353--1368},
	doi = {10.1534/genetics.116.190173}
}

@article{yang1994maximum,
  author = {Yang, Ziheng},
  year = {Maximum likelihood phylogenetic estimation from DNA sequences with variable rates over sites: Approximate methods},
  title = {{}},
  journal = {Journal of Molecular Evolution},
  volume = {39},
  number = {3},
  pages = {306--314},
  doi = {10.1007/BF00160154}
}

@article{yang1996among,
  author = {Ziheng Yang},
  year = {1996},
  title = {{Among-site rate variation and its impact on phylogenetic analyses}},
  journal = {Trends in Ecology and Evolution},
  volume = {11},
  number = {9},
  pages = {367--372},
  doi = {10.1016/0169-5347(96)10041-0}
}

@book{yang2006computational,
  author = {Ziheng Yang},
  year = {2006},
  title = {{Computational Molecular Evolution}},
  publisher = {Oxford University Press},
  address = {New York, NY}
}

@article{yu2011algorithms,
    author = {Yu, Yun 
    	and Warnow, Tandy 
    	and Nakhleh, Luay},
    title = {{Algorithms for MDC-Based Multi-Locus Phylogeny Inference: Beyond Rooted Binary Gene Trees on Single Alleles}},
    journal = {Journal of Computational Biology},
    volume = {18},
    number = {11},
    pages = {1543--1559},
    year = {2011},
    doi = {10.1089/cmb.2011.0174}
}

@article{yu2014maximum,
	author = {Yu, Yun 
		and Dong, Jianrong 
		and Liu, Kevin J 
		and Nakhleh, Luay},
	year = {2014},
	title = {{Maximum likelihood inference of reticulate evolutionary histories}},
	journal = {Proceedings of the National Academy of Sciences of the United States of America},
	volume = {111},
	number = {46},
	pages = {16448--16453},
	doi = {10.1073/pnas.1407950111}
}

@article{zhang2018astral,
	title = {{ASTRAL-III: polynomial time species tree reconstruction from partially resolved gene trees}},
	author = {Zhang, Chao 
		and Rabiee, Maryam 
		and Sayyari, Erfan 
		and Mirarab, Siavash},
	journal = {BMC Bioinformatics},
	volume = {19},
	number = {6},
	pages = {153},
	year = {2018},
	publisher = {BioMed Central}
}

@article{zhang2018astral3,
	author = {Zhang, Chao 
		and Rabiee, Maryam 
		and Sayyari, Erfan 
		and Mirarab, Siavash},
	title = {{ASTRAL-III: polynomial time species tree reconstruction from partially resolved gene trees}},
	journal = {BMC Bioinformatics},
	year = {2018},
	volume = {19},
	number = {Suppl 6},
	pages = {153},
	doi = {10.1186/s12859-018-2129-y}
}

@article{zhang2020astral-pro,
	author = {Zhang, Chao 
		and Scornavacca, Celine 
		and Molloy, Erin K. 
		and Mirarab, Siavash},
	title = {{ASTRAL-Pro: quartet-based species tree inference despite paralogy}},
 	year = {2019},
	publisher = {Cold Spring Harbor Laboratory},
	journal = {bioRxiv},
	pages = {874727},
  doi = {10.1101/2019.12.12.874727},
	note = {Available at \url{https://dx.doi.org/10.1101/2019.12.12.874727}}
}

@article{zhang2018constrained,
	author = {Qiuyi (Richard) Zhang 
		and Satish Rao 
		and Tandy J. Warnow},
	year = {2019},
	title = {{Constrained incremental tree building: new absolute fast converging phylogeny estimation methods with improved scalability and accuracy}},
	journal = {Algorithms for Molecular Biology},
	volume = {14},
	pages = {2},
	doi = {10.1186/s13015-019-0136-9}
}

@article{zhou2007evaluation,
    author = {Yan Zhou 
    	and Nicolas Rodrigue
    	and Nicolas Lartillot
    	and and Herv{\'e} Philippe},
    year = {2007},
    title = {{Evaluation of the models handling heterotachy in phylogenetic inference}},
    journal = {BMC Evolutionary Biology},  
    volume = {7},
    number = {1},
    pages = {206},
    doi = {}
}

@article{zhu2017bayesian,
    author = {Zhu, Jiafan 
    	AND Wen, Dingqiao 
    	AND Yu, Yun 
    	AND Meudt, Heidi M.
    	AND Nakhleh, Luay},
    year = {2018},
    title = {{Bayesian inference of phylogenetic networks from bi-allelic genetic markers}},
    journal = {PLOS Computational Biology},  
    volume = {14},
    number = {1},
    pages = {1--32},
    doi = {10.1371/journal.pcbi.1005932}
}

@article{zimmermann2014bbca,
	author = {Zimmermann, Th{\'e}o 
		and Mirarab, Siavash 
		and Warnow, Tandy},
	year = {2014},
	title = {{BBCA: Improving the scalability of *BEAST using random binning}},
	journal = {BMC Genomics},
	volume = {15},
	number = {Suppl 6},
	pages = {S11},
	doi = {10.1186/1471-2164-15-S6-S11}
}